3022 5044
210 365 302 425 Lxx

725 547 727 550 -
836 523 840 556 l

155 659 159 670 ,
209 581 339 672 populo
362 591 483 656 nostro
505 588 600 655 sacri»
616 579 769 672 adeoque
790 581 894 656 divini
911 587 1093 661 habentur.
1138 592 1238 686 Quos
1260 596 1345 666 siin
1367 613 1441 668 rev

29 719 31 728 ’
130 720 137 734 ’
209 734 274 803 bus
296 732 456 800 maximis
479 743 513 799 et
533 731 742 813 gravissimis
771 747 923 813 errasse,
952 740 1196 821 communi,
1229 764 1297 812 non
1320 707 1453 814 meaex

211 897 355 963 tuaeve,
384 878 509 947 rationi
529 897 651 962 parum
681 885 936 980 consentanea,
965 894 1100 952 acerta
1130 885 1423 972 veritatealiena,

210 1021 329 1100 seeum
350 1024 559 1110 pugnantia,
579 1021 683 1092 lalsa'¹
706 1020 834 1094 dixisse
855 1028 1084 1098 concesseris:
1111 1051 1229 1098 sacros
1252 1053 1420 1105 essenon
1451 1107 1455 1120 ,

130 1198 139 1210 ’
209 1195 259 1260 re,
281 1170 342 1242 sed
359 1172 497 1240 nornine
514 1179 646 1240 tantum
663 1169 955 1262 eosjudicaveris,
967 1195 1098 1260 suoque
1121 1177 1241 1262 ordine
1255 1180 1419 1249 moveris.

150 1303 162 1330 Γ
209 1315 388 1387 Utrumvis'
409 1339 491 1399 ergo
524 1315 581 1386 fiat
610 1328 751 1387 necesse
780 1329 858 1386 esti
901 1321 974 1390 sive
1010 1322 1164 1404 evincas,
1186 1343 1273 1408 quae
1300 1323 1416 1396 divino
1480 1371 1487 1398 a

130 1473 140 1484 “
194 1470 378 1552 scriptore
407 1434 566 1550 quopiam
588 1466 728 1548 indigna
754 1465 932 1548 videntur,
954 1467 1069 1584 ltnorlo
1092 1468 1249 1539 subtilius
1278 1495 1318 1542 ea
1340 1479 1415 1560 quis

209 1612 390 1698 explorata
409 1609 544 1691 babeat,
566 1597 710 1696 prorsus
733 1612 835 1696 digna
856 1616 1053 1698 esseg'sive
1075 1639 1179 1700 quum
1201 1639 1289 1689 unus
1312 1620 1415 1689 alter-

208 1779 275 1844 que
308 1741 407 1828 iocus
442 1759 520 1828 libri
550 1759 653 1842 justis
675 1760 882 1842 argumentis
900 1722 1068 1829 excusari
1090 1776 1236 1847 nequeat
1256 1778 1291 1833 et
1312 1769 1415 1835 vesti-

179 2001 185 2008 ἱ
206 1907 303 1990 glum
325 1875 462 1992 aliquod
483 1904 538 1974 vel
558 1891 678 1975 umbra
698 1904 820 1975 saltem
835 1905 911 1990 piae
932 1905 1063 1976 fraudis
1080 1910 1250 1991 obveniat,
1274 1879 1412 1980 authen·
1470 1933 1473 1939 ·

209 2052 301 2120 tiam¹
318 2050 497 2124 addubites
518 2055 633 2140 potius
650 2067 766 2138 'quam
793 2053 904 2122 virum
927 2049 1073 2120 divinum
1103 2056 1273 2128 salsorum
1297 2069 1411 2125 aucto·

179 2166 192 2247 ’ἦ
206 2221 280 2272 rent
310 2221 386 2270 esse
412 2191 554 2279 credas:
575 2199 609 2267 id
631 2211 684 2268 est
706 2212 884 2269 auctorem
906 2199 1083 2270 divinitate
1103 2219 1166 2268 sua
1188 2199 1345 2270 mulctes.

193 2386 197 2394 ·
284 2345 384 2416 Haud
407 2349 574 2416 miramur
595 2345 693 2431 quod
708 2343 863 2415 nonnulli
882 2346 1089 2432 opinantur,
1121 2345 1150 2413 si
1171 2346 1228 2430 qui
1251 2345 1350 2416 sacris
1369 2345 1401 2412 iu

160 2466 185 2576 „i
206 2495 329 2565 litteris
351 2493 451 2564 altius
473 2494 639 2561 rimentur
660 2513 699 2560 ae
721 2493 878 2562 subtilius
899 2491 1109 2575 disquiram,
1131 2511 1231 2573 quarn
1254 2493 1407 2574 prolana·
1433 2531 1436 2536 ·

131 2721 134 2726 ¹
206 2661 285 2709 rum
306 2639 497 2711 litterarum
515 2644 720 2722 interpretes
734 2659 798 2708 suo
813 2641 847 2707 in
870 2657 997 2722 genere
1018 2633 1110 2718 soliti
1128 2646 1222 2714 sunt,
1242 2635 1408 2708 cancellos

68 2773 75 2792 ²
164 2881 168 2886 Ι
206 2786 434 2871 philologicae
468 2787 758 2871 interpretationis
795 2783 929 2854 excedi.
985 2779 1238 2866 Egrediuntur,
1284 2785 1435 2868 fateor„
1468 2769 1475 2794 '

120 3003 130 3021 s,
206 2936 368 3017 quoniam
402 2956 471 3001 non
505 2933 633 3008 κοιναῖς
670 2932 842 3020 γραφαῖς,
885 2928 947 2998 sed
972 2923 1091 3015 oiyiong
1124 2951 1267 3014 operum
1304 2929 1409 3012 dant,

168 3082 171 3094 “
206 3099 392 3162 carumque
426 3067 612 3161 ἁγιωσύνην
644 3073 823 3163 explorare
844 3045 1060 3160 propositum
1096 3067 1229 3166 habent.
1271 3079 1353 3146 Jam
1382 3077 1407 3146 si

205 3223 286 3310 quid
306 3222 508 3308 delinquunt
523 3221 595 3292 sive
621 3236 767 3316 peccant
781 3223 868 3290 citra
885 3221 970 3290 lines
995 3218 1150 3289 litteralis
1173 3231 1207 3289 et
1228 3221 1408 3295 historico·

143 3409 145 3416 ·
205 3373 449 3454 grammaticae
487 3371 601 3446 artis,
642 3371 853 3474 castigantor
886 3367 928 3436 ab
968 3340 1196 3449 Hermannis,
1231 3369 1406 3454 Becker-is,

204 3515 410 3602 Boeckbiisa
431 3513 611 3593 sinultra:
634 3518 667 3584 in
688 3514 778 3584 aliud
799 3514 910 3582 iorum
932 3517 1049 3584 vocari
1071 3516 1205 3604 debent.
1285 3545 1288 3552 ·

284 3666 377 3760 Quid
399 3661 536 3732 multa?
578 3663 709 3733 Sacra
730 3663 927 3749 philologia,
951 3664 1143 3748 exegetice,
1167 3667 1284 3735 critice
1306 3665 1407 3736 latius

162 3815 164 3818 ’
203 3810 374 3895 aliquanto
393 3822 492 3926 patet
512 3833 557 3896 ao·
572 3812 750 3880 sublimius
772 3810 894 3889 fertur,
915 3809 1166 3896 praecipuaque
1180 3835 1243 3881 sua
1264 3833 1410 3881 munera

203 3970 236 4026 et
258 3960 364 4026 officia
390 3957 492 4025 habet
522 3971 668 4042 quorum
698 3958 859 4025 immunis
892 3968 944 4024 est
963 3958 1130 4048 prolana,
1163 3957 1313 4028 cliniis
1336 3969 1410 4024 tan-

121 4155 124 4164 .
205 4117 299 4183 tum,
322 4104 464 4189 quaein
492 4117 673 4188 utramque
706 4105 936 4172 communiter
958 4117 993 4173 et
1012 4106 1141 4190 pariter
1162 4105 1315 4186 cadunt,
1344 4103 1410 4171 sub

93 4261 97 4275 ’
202 4247 340 4318 easdem
367 4249 461 4336 leges
496 4251 723 4348 theologicam
758 4253 1074 4338 interpretationem
1097 4258 1203 4339 atque
1223 4249 1410 4337 profanant

202 4415 328 4464 vocare
350 4419 471 4468 vorum
492 4412 526 4469 et
547 4421 694 4485 aequum
716 4397 874 4472 videtur·-
