2990 5022
39 1398 43 1404 ’
129 1401 325 1502 temporis
357 1389 646 1498 conditionem,
686 1393 913 1498 cultumque
942 1393 1011 1474 vel
1040 1395 1332 1500 deformitatem

75 1605 98 1630 „
125 1539 338 1646 religionis
368 1539 687 1660 perspiciendum
707 1537 913 1614 redundat.

129 1725 133 1732 -
240 1680 440 1782 Quantum
460 1682 628 1782 denique
650 1677 809 1758 valeant
830 1683 1107 1780 consequentia
1125 1680 1242 1790 hujus
1260 1671 1337 1760 uoss

131 1823 238 1898 titiae
276 1823 319 1897 in
350 1819 500 1898 Critica
534 1819 942 1917 Novi.Testamenti,
980 1819 1084 1899 haud
1124 1846 1226 1924 opus
1255 1826 1333 1902 erit

128 1987 305 2052 mouere.
355 1937 456 2057 Nam
486 1959 680 2063 quidquid
718 1958 765 2039 de
800 1963 976 2064 origine,
1012 1960 1058 2050 de
1088 1961 1333 2060 auctoribus,

106 2099 185 2184 ‘de
211 2101 304 2180 fatis
337 2129 473 2195 eorum
512 2101 731 2200 librorum,
767 2100 815 2178 de
838 2126 997 2200 canone,
1024 2099 1073 2178 ab
1106 2085 1332 2209 hujusmodi
1382 2103 1386 2124 ¹

49 2271 84 2324 ὴ
140 2241 358 2323 auctoribus
383 2243 594 2320 traditum.
609 2251 670 2318 est
695 2252 825 2344 atque.
840 2265 891 2318 ex
926 2244 1041 2318 istius
1072 2231 1182 2322 modi
1207 2245 1332 2322 tradi·

135 2381 307 2486 tionibus
346 2386 629 2491 conjectatum,
670 2386 787 2460 omui
802 2381 910 2459 fere.
934 2381 1236 2483 probabilitate,
1255 2412 1334 2466 suc*

131 2521 227 2599 dum
249 2535 374 2601 certa
399 2532 744 2624 consummataque
771 2521 848 2601 fide
873 2524 1106 2600 destitutum
1134 2524 1331 2606 videmus.

154 2662 160 2674 '
194 2755 212 2780 -.
229 2655 449 2774 Quumque.
464 2665 644 2742 homines
673 2688 697 2741 a
732 2665 822 2740 veri
847 2687 964 2739 sensu
991 2663 1176 2766 coluique
1200 2665 1332 2766 alieni,

73 2871 76 2882 .
126 2781 214 2880 tun
240 2773 409 2881 fallaces
415 2815 538 2903 ,etum
564 2803 717 2882 creduli
735 2813 879 2900 esseut,
906 2801 1331 2906 qnorumper'mauus

128 2943 387 3024 succedentes
419 2946 565 3023 tradita
591 2949 752 3023 ineunte
785 2943 1062 3021 tertioseculo
1101 2945 1258 3024 demum
1290 2949 1332 3028 iu

129 3083 511 3186 canonem'aliquem
542 3095 756 3187 coeperunt
772 3083 1024 3163 coalescere:
1051 3096 1227 3164 externa
1253 3087 1333 3166 cri-

128 3227 209 3302 tice
247 3228 331 3308 suis
367 3213 531 3326 auxiliis
573 3229 685 3302 eniti·
707 3225 867 3327 quidem
903 3236 1036 3342 potest
1059 3225 1119 3304 ad‘
1136 3253 1224 3304 cam
1246 3228 1332 3319 lor-

125 3375 237 3446 .tasse
272 3366 538 3444 conditionem
563 3365 771 3444 'librorum
814 3393 1044 3466 sacrorum,
1076 3377 1164 3472 'qua
1197 3369 1331 3446 secedo

129 3518 273 3608 qrrarto
307 3507 377 3588 vel
411 3511 531 3585 tertio
552 3549 554 3556 ·
573 3507 622 3584 ad
671 3533 869 3594 summum
910 3477 1083 3588 fuerunt.
1135 3505 1334 3613 Sedquid
1457 3571 1460 3578 .

130 3647 182 3724 de
204 3651 429 3754 integritate
456 3657 499 3726 ‘et
528 3650 752 3725 sinceritate
787 3641 943 3724 ho‘rum'
961 3647 1158 3726 librorum
1181 3611 1334 3730 saecun

130 3791 184 3866 sit
209 3769 496 3898 'superioribus'
510 3769 671 3888 seculis,
702 3787 957 3904 vehementer
987 3788 1151 3866 dubium
1180 3802 1261 3888 est3
1287 3819 1333 3877 ac
1400 3815 1402 3820 ·
1468 3767 1473 3776 ἱ

77 3957 84 3964 ·
131 3931 209 4006 uisi
245 3928 513 4032 probabilitas.
547 3933 701 4006 interna
740 3929 978 4008 subveniat:
1026 3942 1171 4032 parum'
1201 3943 1332 4012 tuuun

22 4169 26 4180 ι
122 4069 293 4148 ¹videtur
325 4074 501 4170 externis
527 4081 679 4170 tanturn
699 4071 1174 4158 testimoniis.confidere
1195 4075 1330 4148 inaree

35 4269 37 4276 .
108 4207 205 4329 “bus
234 4211 285 4289 ad
322 4221 499 4308 sanctam
538 4209 657 4288 fidem
689 4209 1069 4312 pertinentibus,iu
1100 4215 1333 4314 summissi
1459 4293 1464 4302 ,

130 4351 327 4430 sentiendi
352 4362 406 4429 et.
419 4353 593 4458 vivendi.
609 4353 843 4454 praeceptis.
931 4399 934 4406 -
