2990 5022
646 353 684 406 -‘
746 361 788 435 gg·
844 395 888 416 ..-

169 493 368 601 quiduda'ci
397 531 467 588 non
496 507 583 590 sint,
608 501 680 582 aad
701 492 1061 594 assignaturque.
1101 505 1361 620 Juadnue'njero
1490 577 1491 588 ,

169 625 372 714 Samaritae,
394 627 437 702 id
457 641 518 701 eat
527 625 568 697 ni
585 627 695 714 γένος,
720 615 823 706 idror
841 625 893 694 ro
905 625 967 694 ode
984 627 1101 706 (Diri.
1099 631 1179 698 120.
1201 629 1310 716 apol
1326 635 1361 702 t:
1467 697 1492 712 ,,

170 755 244 838 at),
256 762 473 823 sectarum
493 765 636 817 numero
657 735 1025 856 ludaicarunpducere
1043 731 1194 831 uoluisse
1212 749 1385 867 00000000,Ι

169 883 373 961 quamquam
400 867 497 939 Diei.-
502 868 572 935 100
596 854 642 938 ita
671 865 861 949 scripserit.
890 863 948 932 000
975 865 1040 956 γὰρ
1066 863 1133 940 ἀπὸ
1154 868 1194 934 ni
1210 867 1304 955 γένος
1321 893 1360 938 τι
1486 891 1492 949 p

92 1073 94 1078 ι
165 992 242 1081 ἱιιὸ,
266 990 348 1077 λέγω
366 989 403 1056 et
420 988 486 1055 τῶν
503 985 705 1077 Σαμαρέων,
731 984 821 1063 τινὸς
838 984 1014 1076 φροντίδα
1022 983 1197 1073 παιόμενοι
1208 1025 1251 1046 -
1266 979 1367 1065 alnov

164 1109 382 1197 rumenam,
402 1101 500 1188 odrai'r
519 1093 720 1192 astringitur
744 1105 793 1196 τῷ
817 1103 854 1172 te
880 1107 927 1198 aqi
950 1106 1034 1192 γένει
1060 1106 1278 1202 oirdvpdyrp
1297 1109 1374 1208 Σίο,

51 1246 53 1254 ·
122 1215 125 1224 ’
164 1213 259 1320 porr.
296 1229 385 1302 Nam
405 1221 772 1300 Samaritanorum
789 1225 920 1312 pariter
940 1225 986 1296 ao
1009 1225 1273 1300 suessorum
1294 1223 1392 1300 no·v

93 1359 96 1363 ’
165 1373 246 1423 meu
265 1347 389 1434 gentile
409 1345 688 1418 hanebacconf.
708 1347 785 1418 Act.
805 1348 842 1413 ιι
861 1322 970 1437 0οη
1013 1358 1026 1426 j
1370 1423 1374 1442 Ι

203 1481 205 1486 ’
243 1469 284 1541 ln
313 1469 522 1538 Constitutt·
543 1469 666 1551 Apost.
684 1467 721 1533 6:
751 1466 783 1533 0.
805 1448 887 1534 item
904 1463 1065 1537 haereses
1086 1466 1176 1546 inter
1203 1465 1366 1538 Judaeos·
1414 1455 1419 1477 ⁶

164 1581 427 1677 enumerantur,
457 1585 646 1668 Pharisaei,
677 1583 881 1674 Sadducaei,
912 1583 1049 1668 Essaei,
1067 1583 1242 1656 ιΕιιὶοιιιιιί
1260 1583 1354 1661 (1000

163 1705 435 1789 Galilaeorum),
454 1704 786 1791 Hemerohaptistae,
808 1695 1023 1786 Basmothaei
1039 1692 1042 1698 ’
1059 1703 1084 1774 l.'
1105 1683 1373 1792 Masborhaei).·'

161 1823 316 1919 Septima
340 1825 492 1901 haeresis
514 1821 824 1895 Samaritarum
844 1822 898 1892 hie
921 1823 1046 1894 deficit.
1086 1824 1156 1895 Hos
1178 1825 1267 1895 enim
1287 1829 1369 1916 pro
1459 1819 1462 1826 ’

161 1947 343 2020 Judaeis
364 1945 601 2020 haereticis
623 1944 749 2031 ducere
768 1943 842 2042 sine
862 1943 964 2022 dnbio
986 1945 1143 2032 scriptori
1164 1929 1349 2018 absurdum
1364 1923 1389 2026 ⁸,
1435 1989 1437 1992 -

160 2067 350 2138 videbatur.

240 2186 449 2273 Epiphanius
478 2187 561 2257 item
581 2206 645 2256 sex
664 2183 822 2255 haereses
842 2183 1053 2274 Judaeornm
1075 2171 1267 2264 enumerat,
1287 2207 1366 2272 pro:

160 2305 321 2376 Galilaeis
339 2306 373 2376 N
378 2326 594 2376 azarenoa
613 2325 762 2392 ponens,
784 2327 846 2390 pro
867 2306 1099 2378 Masbothaeis
1121 2301 1155 2377 ιι
1175 2307 1348 2376 Samaritis

158 2423 448 2508 Herodianum
478 2446 522 2494 ex
551 2447 640 2510 quo
637 2423 868 2508 intelligitur,
905 2427 1060 2509 aenigma
1093 2415 1286 2512 Hegesippi
1305 2423 1353 2520 de'
1439 2411 1444 2432 ’

30 2551 33 2558 “
158 2545 391 2619 Masbothaeia
419 2558 454 2615 00
482 2546 674 2629 samaritis,
705 2548 806 2616 etiam
835 2547 1005 2616 veteribus
1027 2543 1117 2614 hand
1137 2516 1346 2614 intellectum

70 2661 76 2681 “
158 2666 266 2735 luisse
293 2665 531 2752 mutandisque
564 2666 756 2736 nominibus
784 2678 844 2736 aut
868 2666 1061 2770 omittendis
1083 2687 1155 2736 rem
1177 2677 1347 2750 utcunque

157 2761 364 2870 enpediisse.¹
397 2787 432 2859 si
451 2787 693 2875 Hegesippus
683 2807 756 2872 lpse
776 2757 973 2867 docuisset,
995 2785 1104 2873 qnid
1094 2798 1160 2858 uta
1180 2785 1346 2856 vocabrda

155 2907 219 2976 sibi
245 2905 386 2982 velicat:
426 2905 613 2994 Eusebius
620 2918 713 2976 certe
733 2928 797 3006 pro
818 2927 880 2977 sua
902 2904 1074 2991 diligentia
1094 2929 1214 2988 eorum
1236 2907 1346 2976 notio

154 3043 215 3114 nes
244 3026 493 3114 exscripsisset.
532 3023 596 3096 vel
622 3025 740 3096 fucum
768 3025 882 3096 facere
900 3025 1020 3115 ,volrrit
1049 3027 1259 3112 hegesippus
1291 3026 1400 3114 hisp

156 3142 257 3227 nudis
288 3145 482 3236 uocabulis,
512 3168 659 3232 quorum
682 3146 821 3233 Graccis
841 3147 1070 3232 Romanisque
1102 3135 1215 3218 nullus
1247 3145 1348 3226 intel·¹

37 3357 41 3364 .
151 3263 263 3340 lectus
284 3281 378 3348 erat,
411 3263 467 3336 vel
485 3266 707 3348 inscitissime¹
720 3266 867 3352 scriptor
887 3287 925 3348 se
945 3268 1063 3350 gessit.
1105 3265 1241 3352 Septem
1260 3267 1360 3358 istas,

152 3396 264 3460 sectas
291 3385 503 3472 Hegesippus
532 3399 649 3474 noster
669 3383 815 3469 (Euseh.
836 3388 874 3454 ²:
894 3387 947 3467 20)
969 3385 1070 3462 docet
1089 3387 1124 3456 iu
1144 3407 1186 3456 eo
1208 3388 1342 3470 conspi-

150 3525 264 3588 rasse,
292 3517 332 3594 ut
354 3496 645 3579 'resurrectionem
672 3528 713 3578 ac
732 3509 1040 3581 remunerationem
1070 3507 1105 3575 in
1135 3505 1242 3576 altera
1270 3508 1341 3575 vita
1392 3502 1401 3515 ‘

150 3637 336 3710 negarent,
365 3624 510 3712 ideoque
538 3639 738 3700 recusarent
758 3626 933 3698 Christum
952 3627 1158 3698 demortuis
1179 3625 1340 3694 reducem

149 3725 252 3832 atque
273 3745 523 3834 expectandum
545 3746 592 3816 de.
608 3745 725 3831 coelo,
746 3759 786 3816 ut
804 3771 867 3835 pro
888 3749 958 3818 suis
980 3749 1100 3834 cuique
1127 3747 1257 3832 meritis
1283 3769 1339 3816 re·

148 3853 320 3938 tribueret.
360 3867 437 3936 Hoc
457 3878 571 3962 autem
591 3865 633 3936 de
653 3867 807 3952 Essaeis,
830 3866 1000 3949 Galilaea,
1019 3849 1338 3954 Hemerobaptistis,

146 3983 337 4074 Pharisaeis
365 3986 582 4057 falsissimum
616 3999 687 4077 est,
715 3988 772 4074 qui
801 4009 920 4058 omnes
952 3988 1264 4059 remunerationem
1303 3988 1345 4058 in.

146 4103 375 4216 alterautra,
404 4110 569 4206 postremi
600 4120 694 4178 certe
726 4108 1018 4194 resurrectionem
1048 4108 1133 4178 adeo
1170 4107 1338 4217 carnis,

145 4225 440 4311 quemadmodum
456 4226 660 4312 chiliastae,
693 4228 892 4318 credebant
1220 4303 1223 4310 ,

223 4344 353 4416 Mirum
374 4368 474 4431 quam
494 4345 621 4418 idiotae
640 4369 756 4450 rerum
780 4347 1005 4421 Judaicarum
1016 4315 1219 4438 sensusque
1245 4367 1338 4442 com7

144 4463 257 4544 munis
277 4463 517 4552 negligentes
506 4487 543 4540 ιιι
562 4469 669 4542 saeris
686 4481 783 4542 certe
802 4467 910 4542 luisse
930 4467 1055 4542 debent
1080 4483 1162 4558 post
1186 4429 1336 4542 rrledium
