2990 5022
689 331 898 394 ...2-

570 413 658 450 .,
674 417 680 426 .
699 425 732 450 .-,.
920 433 926 444 ,
1284 431 1286 434 ,

202 475 282 558 lito,
303 477 533 562 Musanusque
553 487 588 544 et
607 475 786 547 Modestus
807 487 841 545 et
859 486 939 561 post
959 495 1077 546 omncs
1097 479 1274 556 Itonaeos,
1295 499 1380 561 quo·

202 617 278 664 rum
301 596 400 663 etiam
421 597 455 663 in
474 617 537 664 nos
558 592 760 678 apostolicae
783 595 969 665 traditionis
990 596 1031 664 de
1057 615 1140 666 sana
1165 594 1232 665 fida
1257 592 1379 666 tarent

201 713 394 795 consignata
414 712 547 781 devenit
567 712 807 785 orthodoxia.“
865 726 873 731 ’
907 715 909 722 ’
1196 707 1198 711 ’

279 834 357 914 „Ao
383 831 474 898 haud
504 830 653 916 quidem,
683 833 793 917 pergit
820 831 1032 913 GrabiuS,
1060 853 1101 902 eo
1117 833 1272 912 infitias,
1303 833 1378 914 jam
1453 846 1455 848 ’

97 957 101 962 ’
200 951 261 1020 sub
281 946 451 1026 Hadriano
472 951 698 1034 Hegesippum
720 951 846 1034 pariter
867 969 907 1019 ac
924 950 1094 1026 lustinum
1116 952 1259 1034 vixissem
1287 952 1378 1022 undo

198 1070 286 1138 siout
305 1067 459 1140 lustinus
474 1068 607 1152 Martyr
626 1068 768 1150 bellum,
790 1068 879 1154 quod
900 1071 962 1140 sub
980 1070 1047 1140 isto
1068 1071 1271 1154 imperatore
1291 1073 1380 1141 acci-

166 1169 170 1187 ’
199 1187 268 1268 dit,
287 1183 537 1271 attractatam
557 1185 658 1268 dixit,
679 1189 779 1256 itaet
797 1187 1007 1274 Hegesippus
1027 1187 1078 1278 id,
1100 1187 1189 1274 quod
1211 1208 1287 1259 oum
1307 1191 1380 1260 An-¹

204 1306 295 1374 tinoo
317 1326 416 1375 servo
431 1303 582 1373 Caesaris
596 1305 757 1373 Hadriani
776 1319 910 1389 gestum
932 1319 995 1390 est,
1011 1318 1180 1392 tamquam
1194 1327 1256 1378 sua
1269 1317 1380 1376 aetaca

199 1424 381 1506 contigisse
400 1435 515 1491 narrat
535 1425 644 1507 aitque
662 1424 756 1512 μέχρι
774 1423 861 1490 νῦν.“

277 1541 367 1634 Quin
394 1542 462 1609 imo
483 1532 635 1610 lustinus
662 1541 765 1610 hand⁴
778 1540 874 1611 aliter
893 1543 991 1628 Apol.
1011 1547 1043 1610 1.
1064 1547 1115 1612 tt.
1137 1544 1275 1620 Antinoi
1294 1545 1380 1614 lacit

197 1663 421 1744 mentionem,
451 1662 490 1724 τῦ
513 1662 572 1726 νῦν
598 1661 804 1749 rapacanina,
844 1656 883 1726 iio
902 1667 960 1728 καὶ
983 1659 1101 1746 πάντες
1132 1661 1174 1742 ὡς
1204 1664 1289 1729 θεὸν
1320 1662 1378 1728 tuat

195 1775 306 1866 φόβον
328 1776 433 1860 σέβειν
455 1771 622 1865 ὥρμηντο,
652 1777 896 1863 ἐπιςὰμενοιτίς
921 1770 1011 1862 terrio
1027 1784 1084 1848 καὶ
1100 1779 1211 1846 πόθεν
1227 1779 1379 1870 ὑπῆρχεν.

174 1893 357 1966 ¹Tatianus
386 1917 538 1980 qnoque,
569 1896 827 1979 Athenagoras,
860 1898 1087 1983 Theophilus,
1119 1883 1273 1969 Clemens
1294 1897 1378 1966 Ale·
1475 1887 1480 1904 ’

193 2014 395 2094 xandrinus,
426 2013 654 2084 Tertullianus
675 2017 862 2086 Antinoum
882 2030 1170 2100 commemorant,
1200 2019 1247 2086 ita
1264 2029 1304 2085 ut
1321 2017 1376 2086 iu·

73 2187 75 2190 -
193 2113 237 2203 de
256 2115 467 2204 discriminis
478 2132 656 2220 quidquam
678 2138 795 2204 aetatis
816 2137 903 2204 inter
923 2134 987 2205 hos
1000 2147 1113 2221 patres
1135 2135 1209 2230 elici
1219 2145 1376 2220 nequeat.

132 2259 136 2266 ’
275 2248 479 2332 „Attamen,
506 2251 594 2320 idem
615 2253 737 2337 inquit,
761 2255 990 2340 Hegesippum
1010 2253 1180 2326 hocloco
1208 2257 1376 2338 posterio-

192 2391 263 2440 rem
284 2371 349 2440 feoi
363 2371 515 2451 Justino,
537 2371 717 2456 quiaistos
740 2396 884 2457 quorum
898 2376 1089 2458 fragmenta
1104 2373 1246 2448 exhibeo
1266 2372 1373 2442 libros

178 2489 396 2572 composuit,
433 2485 620 2575 postquam
640 2493 807 2575 martyrio
832 2493 1010 2562 defunctus
1030 2503 1111 2561 'erat
1129 2492 1293 2563 lustinus.
1321 2489 1374 2558 ld

192 2628 279 2706 anno
303 2605 427 2676 Christi
448 2609 505 2674 163
528 2608 580 2676 rel
601 2611 657 2676 165
678 2599 806 2679 factum
837 2632 926 2693 esse,
957 2609 1067 2696 Spioil.
1086 2608 1133 2680 ΙΙ.
1153 2635 1184 2696 p.
1206 2612 1274 2700 tto.
1292 2613 1372 2693 prol

190 2713 298 2797 baril‘
336 2723 338 2727 ’
508 2717 512 2734 ’
546 2733 548 2740 ’

107 2936 109 2944 1
239 2835 241 2839 ’
267 2849 408 2936 Utrique
423 2863 513 2922 certe
528 2875 605 2922 oum
620 2854 737 2944 iisdem
751 2850 946 2920 haeresibus
958 2859 992 2916 et
1004 2846 1212 2916 ludaeorum
1226 2859 1261 2916 et
1274 2842 1372 2915 ctat-
1387 2843 1392 2862 ‘

189 2966 376 3058 stiauorum
397 2973 625 3040 controversia
643 2971 716 3040 fuit
758 2969 914 3040 Marcion
934 2968 968 3036 in
994 2966 1079 3051 vivis
1108 2964 1243 3064 adhuc,
1266 2987 1370 3051 quum

190 3084 343 3172 apologia
363 3087 389 3154 1.
406 3088 529 3158 Justini
550 3092 837 3169 conscriberetur3
862 3085 1088 3174 Marcionitae.
1105 3068 1188 3174 Dial.
1207 3086 1255 3155 35.
1276 3084 1371 3154 dam·

190 3218 330 3286 uantur,
349 3219 382 3276 et
403 3222 541 3279 auctore
562 3209 707 3281 Eusebio
727 3210 791 3278 IV.
813 3209 861 3274 13.
883 3206 945 3274 sub
965 3203 1084 3273 iisdem
1104 3204 1271 3289 episcopis
1291 3224 1370 3272 curn

189 3323 380 3410 Hegesippo
401 3327 514 3398 lloruit
532 3330 684 3399 lustinus
705 3347 811 3425 usque
832 3324 874 3392 ad
893 3321 1051 3392 Soterem
1072 3325 1106 3388 l:
1128 3325 1178 3388 tr.

267 3447 339 3524 „At
368 3444 577 3532 Hegesippus
608 3449 744 3532 scripsit
776 3442 961 3517 Eleuthero
1001 3439 1162 3509 ecclesiae
1199 3439 1370 3508 Romanae

189 3560 367 3647 episcopo,
388 3555 428 3632 ut
447 3586 491 3633 ex
509 3567 620 3650 ipsius·
633 3566 756 3637 indicio
777 3562 1006 3648 cognoscitur.
1044 3559 1149 3644 Atqui
1168 3556 1369 3634 Eleutherna

188 3661 277 3748 sedit
296 3681 336 3748 ab
358 3701 446 3752 anno
467 3685 525 3750 17⁰
545 3685 588 3753 ad
599 3687 656 3750 185
671 3685 772 3766 juxta
786 3685 933 3752 rationes
947 3680 1130 3760 Paarsonn,
1144 3677 1199 3747 vel
1218 3679 1258 3747 ab
1280 3700 1368 3748 anno

189 3797 247 3862 tot
266 3796 308 3866 ad
329 3783 503 3894 llljuxta
524 3805 809 3888 computationem
831 3797 1013 3879 Dodwelli,
1046 3809 1086 3865 nt
1109 3796 1194 3866 adeo
1222 3789 1370 3868 adhaec

189 3905 348 4001 tempora
361 3919 538 3990 referenda
550 3924 624 3991 'sint
642 3923 825 4007 Hegesippi
845 3919 1072 4002 fragmenta.“

264 4034 394 4123 Operae
414 4039 558 4121 pretinm
578 4040 710 4111 videtur
729 4039 1007 4120 animadvertere,
1019 4023 1294 4121 apud'lreaaaum
1308 4056 1369 4121 pa·

186 4153 268 4222 riter
289 4156 387 4223 tertio
409 4155 483 4226 adr.
504 4157 602 4232 ttaer.
624 4161 709 4230 libro
737 4157 858 4230 seriem
880 4155 1115 4241 episcoporum
1135 4155 1366 4231 Romanorum
1488 4233 1489 4244 ,

186 4275 220 4339 in
240 4271 423 4345 Eleuthero
446 4275 613 4358 desinere,
642 4279 763 4363 quippe
790 4273 893 4361 quum
921 4295 962 4346 eo
982 4255 1169 4346 licinianam
1185 4272 1366 4358 ardenam
1452 4265 1467 4306 ¹,

188 4389 385 4461 moderante
406 4417 504 4466 suum
527 4419 612 4481 opus
633 4395 832 4468 elaboraret.
853 4391 928 4464 Vid.
948 4392 1071 4465 Enseu.
1089 4393 1124 4460 5:
1142 4393 1176 4466 5..
1200 4387 1365 4469 ,diendo
