2990 5022
103 477 181 551 Nulli
217 460 440 564 dubitamus,
480 501 524 552 ex
559 479 743 568 Heresippi
774 479 1025 552 oommeutrriis
1067 478 1274 556 Clementem

104 599 175 668 baeu
188 598 316 670 heusta
332 597 536 685 prodidisse.
576 601 663 671 Sunt
682 601 772 672 enim
800 597 953 682 eiusdem
984 598 1120 672 omnino
1146 600 1274 670 farinae

103 730 129 786 et
145 707 231 787 idem
255 717 418 790 Clemens
438 718 561 790 ibidem
580 715 699 788 eadem
719 717 922 788 austeritate
940 715 1030 787 hune
1043 719 1209 790 tanobum
1225 718 1276 792 fu·

101 833 222 905 bniatur
242 834 445 922 defaetigio
468 835 584 922 templi
597 829 822 923 praeeipitem
835 835 952 907 dutum
970 855 1011 907 ae
1025 835 1163 908 fullonis
1182 835 1274 920 ligno

99 974 289 1038 percussum
305 975 383 1029 esse
397 951 443 1034 εἰς
455 951 617 1023 θάνατον.
640 954 807 1026 iacobum
821 955 1010 1040 praefuisse
1024 954 1276 1026 eeclesiaehlie·

28 1091 30 1132 ἐ
97 1073 358 1157 rosoiy'mitanae
377 1073 518 1144 inlibris
536 1073 641 1144 Nu.
665 1085 732 1144 tues
756 1070 821 1144 leui
840 1077 919 1143 not.
936 1076 991 1140 21:
1013 1076 1061 1142 te.
1083 1075 1138 1141 15:
1160 1075 1209 1147 lt.
1222 1077 1275 1143 lt:
1371 1113 1373 1118 ,

95 1194 128 1258 li
139 1191 398 1277 quodammodo
417 1193 562 1278 probare
584 1189 739 1262 videntur
753 1193 807 1275 a),
826 1191 905 1262 lieet
928 1213 1094 1277 nusquam
1117 1193 1152 1260 in
1168 1192 1212 1263 Ν.
1230 1192 1275 1264 Τ.

95 1311 236 1396 episcopi
261 1313 404 1381 nomine
423 1311 636 1392 insigniatur.
676 1310 767 1380 Num
792 1310 935 1380 thronus
954 1313 1134 1380 conveniat
1148 1310 1276 1396 simpli-

95 1427 178 1496 nitati
188 1428 367 1498 nascentis
386 1427 561 1509 eeclesiae,
581 1426 709 1498 insidiis
720 1427 943 1515 periculisque
960 1429 1136 1509 obsessae,
1157 1427 1277 1498 sdver-

93 1547 181 1615 snriis
202 1559 276 1616 tarn
299 1547 410 1617 saevis
425 1567 526 1633 quam
540 1549 908 1631 potentibusinfestue,
929 1549 1094 1633 sapientes
1104 1546 1275 1629 judicent!

39 1739 42 1751 ,
93 1663 255 1737 Eusebius
277 1664 414 1752 quidem
434 1667 507 1746 (lis
529 1668 581 1744 19)
606 1665 712 1738 refert
730 1665 848 1736 Jseobi
869 1665 1048 1745 thronum,
1075 1667 1175 1770 primi
1197 1665 1276 1736 un·

21 1879 23 1884 ι
92 1783 286 1868 rosoiymae
308 1785 473 1870 episcopi,
502 1783 538 1852 in
561 1795 718 1870 quartum
752 1805 860 1870 usque
884 1782 1037 1856 seuulum
1066 1784 1275 1856 custoditum

20 1944 22 1990 7
96 1903 295 1973 afratribus
324 1901 393 1972 illio
418 1923 479 1987 per
506 1903 757 1973 successionem
784 1902 862 1974 eali.
911 1902 975 1972 Sed
1004 1925 1073 1989 quo
1109 1901 1274 1973 miraouln

19 2053 21 2106 i
94 2020 174 2089 seire
194 2019 304 2090 velim
324 2020 380 2093 hio
401 2020 542 2091 thronus
563 2032 616 2091 est
634 2032 875 2103 conservatus,
905 2042 1007 2106 quum
1037 2019 1276 2104 Hierosolyma

19 2131 20 2136 ’
94 2138 205 2209 aTito
232 2152 467 2222 everteretur,
497 2160 667 2226 quumque
686 2139 751 2209 sub
770 2139 940 2209 Hadriano
968 2141 1002 2209 in
1020 2138 1153 2210 Aelium
1173 2141 1276 2226 cupit

77 2255 242 2348 'telinum'
269 2259 598 2330 transformaretur?
637 2258 729 2327 Num
759 2256 902 2327 ecelesia
932 2256 1006 2340 illa,
1044 2259 1099 2326 oui
1125 2259 1275 2332 Jauobus

96 2378 248 2462 praefuit,
262 2383 341 2448 ante
358 2378 489 2448 initium
504 2375 581 2446 belli
595 2377 720 2448 funesti
728 2397 832 2462 quum
840 2370 967 2446 Pellam
981 2378 1173 2462 emigraret,
1181 2377 1277 2449 thro·

95 2517 169 2565 uum
195 2495 424 2582 episcopalem
445 2495 610 2581 reliquit?
649 2495 737 2568 uam
763 2517 872 2566 novae
891 2493 1067 2579 eeclesiae,
1081 2491 1175 2582 'quae
1194 2495 1276 2577 (Eu-

96 2615 162 2686 seb.
182 2620 221 2682 4:
244 2617 301 2698 e.)
321 2613 356 2694 ἐξ
373 2611 511 2680 ἐθνῶν
530 2613 795 2702 σιηαροτηθιῐσο
812 2615 857 2682 ihi
889 2616 1074 2696 sueerevit,
1102 2604 1276 2701 episcopa»

96 2727 157 2802 leun
179 2757 285 2804 suum
306 2733 465 2802 thronum
485 2731 578 2802 illam
598 2732 744 2817 priscam
766 2749 810 2802 ex
834 2731 997 2804 Hebraeis
1024 2733 1114 2804 dono
1139 2733 1275 2804 dedisse

96 2863 150 2920 aut
167 2853 281 2937 pretio
302 2851 509 2940 vendidisse,
532 2849 809 2920 eredatJudaeus
822 2851 953 2936 Apulia.
981 2853 1080 2920 Hune
1101 2851 1274 2935 thronum,

96 2967 261 3041 Eusebius
280 2973 322 3038 52
344 2973 383 3038 19
403 2971 527 3055 inquit,
548 2965 593 3047 εἰς
614 2970 709 3058 deripe
729 2961 980 3056 πεφυλαγμένον
1000 2971 1032 3034 ni
1048 2970 1123 3062 τῇδε
1142 2972 1276 3048 (Hiero.

96 3088 265 3171 solymae)
290 3087 377 3156 κατὰ
395 3087 561 3174 ’διαδοχὴν
577 3090 782 3176 περιέποντες
802 3087 942 3177 ἀδελφοὶ
958 3089 1076 3178 σοφῶς
1091 3092 1160 3167 noir
1174 3091 1276 3158 πᾶσιν

100 3205 350 3286 ἐπιδείκνυνται,
370 3196 442 3272 οἷον
459 3206 535 3294 περὶ
547 3205 622 3284 τοὺς
635 3203 748 3291 ἁγίους
762 3198 886 3294 ἄνδρας
898 3205 957 3272 τοῦ
970 3207 1153 3295 θεοφιλοῦς
1171 3208 1277 3276 ἕνεκεν

97 3317 178 3392 οἵτε
196 3323 305 3392 πάλαι
331 3325 388 3388 καὶ
409 3318 455 3402 εἰς
481 3323 568 3407 ἡμᾶς
593 3316 714 3404 ἕσοζὸν
729 3345 763 3388 rs
783 3326 838 3388 eat
862 3321 1088 3404 ἀποοώζοοσιν
1106 3323 1276 3414 ἀξιόχρεον

97 3419 200 3524 σέβας.
222 3427 296 3514 Cfr.
316 3442 383 3512 ibid
404 3463 478 3528 cap,
498 3445 537 3510 tt
557 3441 619 3511 ult.
642 3455 676 3510 et
696 3463 779 3528 quae
800 3443 884 3512 suite
905 3442 1095 3526 strothius:
1118 3445 1275 3525 „Pretio-

96 3561 182 3632 sioua
202 3569 297 3630 oerte
318 3583 361 3650 ex
381 3563 486 3634 ruinis
506 3559 762 3644 Hierosolymam
782 3560 1016 3630 conservanda
1036 3575 1151 3644 mant,
1174 3583 1274 3648 quam

96 3679 185 3749 sella.
207 3680 369 3761 Aeuedit,
389 3679 480 3766 quod
499 3661 594 3748 notio
615 3678 796 3748 cathedrae
805 3678 1015 3771 ‘episcopalis
1037 3681 1144 3751 multo
1162 3683 1276 3767 sequi-
1398 3771 1400 3780 y

98 3801 158 3870 ouis
180 3812 234 3869 est
253 3801 340 3868 aevi.
373 3792 494 3868 Facilis
514 3798 731 3879 conjectura,
754 3798 923 3883 quomodo
943 3819 980 3866 se
999 3797 1121 3868 habeat
1139 3821 1277 3870 eonsen-

98 3919 183 3988 vatio
203 3931 238 3987 et
257 3919 429 3987 veneratio
451 3915 552 3996 hujus
574 3917 703 3996 throni,
736 3928 926 4000 quantaque
952 3914 1096 3987 eruditio
1117 3929 1152 3986 et
1177 3917 1275 3986 intel·

95 4033 227 4118 ligentia
246 4034 639 4111 fueritchristianorum,
659 4034 717 4120 qui
738 4031 822 4102 haee
842 4033 922 4103 talia
936 4046 1177 4120 suspexerunt.
1196 4038 1274 4107 Jsm

123 4273 150 4336 ο)
167 4271 234 4329 an.
248 4279 284 4330 2.·
301 4283 328 4334 9.
347 4275 435 4338 leutio
458 4277 553 4348 Κηφᾶς
578 4277 623 4332 aad
638 4272 762 4344 'firmos
785 4272 887 4347 potho?
912 4271 1033 4334 videtur
1049 4293 1136 4352 qum
1151 4270 1270 4349 Ἰάκωβος

164 4371 209 4425 καὶ
226 4368 330 4441 Κηφᾶς.

1000 4494 1038 4565 3ΰ
