2990 5022
382 682 659 840 He‘gbsippi
694 695 920 812 doctrina
956 745 1001 810 ct
1035 759 1171 836 opus.

269 902 399 988 „quue
410 905 487 972 inde
499 905 677 975 confirmat
691 867 801 990 quod
792 926 825 971 m
840 901 929 972 libris
947 902 1015 972 suis
1032 875 1217 1014 quietam
1208 921 1252 974 cx
1265 899 1372 982 er'an

192 1019 280 1103 geiio
308 1021 495 1090 secundum
522 1023 694 1092 Hebraeos
727 1035 761 1090 et
787 1022 941 1104 Syriaco,
977 1041 1107 1112 necnon
1134 1041 1178 1097 ex
1204 987 1369 1100 idebraica

91 1231 94 1237 Ι
192 1137 364 1224 lingua,
355 1162 389 1214 ιιι
410 1141 557 1210 medium
584 1141 761 1224 protulerit
781 1139 936 1225 quodque
964 1123 1112 1236 aliqua
1093 1131 1137 1207 ex
1164 1107 1373 1210 Judaeoru'iu

92 1264 94 1268 ’
195 1255 533 1349 traditipnibushaud
554 1260 686 1343 scriptis
701 1259 886 1344 prodiderit
899 1261 1093 1352 memoriae.
1122 1259 1251 1325 Harum
1272 1257 1393 1344 enim,'

193 1369 301 1460 ne'que
315 1375 427 1444 solum
440 1375 656 1446 Judaicarum
671 1377 730 1446 sed
746 1389 778 1444 et
790 1377 1072 1456 Christianarum,
1094 1377 1241 1478 maxime
1262 1355 1374 1444 studi-¹

192 1513 289 1562 osum
320 1493 425 1562 fuisse
456 1495 683 1583 Hegesippum
705 1483 928 1578 tam'longum
955 1495 1027 1576 ejus
1054 1495 1119 1592 iter
1146 1481 1374 1594 quam‘prae{

124 1643 127 1650 ¹
180 1611 321 1680 clarum
338 1610 500 1681 librorum
518 1612 589 1693 ejus
608 1614 798 1690 institutum
819 1613 898 1684 satis
916 1619 1083 1700 su'perque
1106 1624 1261 1680 testatur.
1282 1609 1373 1706 Nam
1431 1701 1432 1704 Ἴ

193 1741 231 1798 ut
258 1718 486 1801 EusebiusH.
508 1731 550 1799 Ε.
571 1733 605 1796 4:
626 1711 799 1802 8scribit
831 1732 865 1796 ἐν
891 1731 983 1798 πέντε
1021 1726 1286 1820 συγγράμμασιν
1296 1717 1373 1829 deoc
1418 1743 1422 1748 '

191 1847 251 1926 τὴν
270 1833 400 1929 ἆιιλιινῆ
421 1847 667 1938 nupcidorur'
630 1872 666 1915 rs
687 1847 863 1927 ιἰιιοςολικιῖ
881 1844 1085 1938 κηρύγματος
1104 1843 1288 1938 ἁνιλιιςάτργ
1293 1865 1370 1912 orr-
1409 1939 1414 1944 .
1476 1915 1479 1922 ,

192 1963 279 2046 τάξει
298 1967 429 2054 γραφῆς
453 1963 809 2052 ὑπομνηματισάμενος.
813 1969 834 2003 “
871 1966 916 2037 Et
933 1967 1174 2050 Hieronymus:
1214 1941 1373 2067 „Omnes

78 2155 83 2165 f
194 2101 213 2151 a
234 2105 390 2168 passione
414 2084 550 2166 Domini
580 2108 685 2172 usque
706 2084 748 2155 ud
769 2107 864 2155 suam
885 2097 1029 2174 aetatem
1063 2082 1369 2152 ecclesiasticorum

195 2213 331 2274 actuum
366 2199 496 2290 texens„
520 2206 676 2276 historias
707 2205 877 2290 multaque
906 2204 948 2291 ad
980 2191 1158 2272 utilitatem
1188 2183 1375 2292 legentium

194 2321 394 2403 pertinentia
418 2321 497 2390 hine
527 2323 604 2392 iude
632 2301 840 2407 congregans
874 2323 1017 2406 quinque
1042 2317 1148 2390 libros
1178 2313 1372 2404 composuit

195 2459 350 2506 sermone
369 2439 531 2524 simplici,
552 2453 590 2508 ut
615 2463 758 2527 quorum
780 2442 883 2510 vitam
903 2441 1094 2510 sectabatur
1119 2437 1251 2568 dicendi
1283 2459 1372 2524 quo·
1455 2520 1462 2526 p

197 2578 262 2642 que
282 2543 485 2642 exprimeret
505 2559 745 2629 cha'r.acterem
758 2559 782 2596 “

213 2665 336 2744 His
364 2675 474 2745 verbis
502 2689 643 2746 testatur
664 2677 847 2757 Eusebius,
874 2672 1102 2762 Hegesippum
1127 2675 1307 2761 historica,
1335 2685 1375 2743 ιιι

197 2793 244 2860 ιιι
267 2789 408 2879 loquar,
451 2795 651 2865 deductione
671 2795 830 2879 probasse
852 2793 1023 2865 doetrinae
1046 2793 1296 2882 apostelicae
1268 2814 1377 2864 since

200 2912 332 2981 ritatem
353 2934 413 2997 per
435 2896 664 2984 successiones
688 2913 828 2982 traditae
851 2934 956 3000 usque
979 2909 1022 2984 ad
1041 2913 1210 2996 Primum,
1242 2913 1375 2997 episco·
1403 2899 1405 2906 ¹
1438 2929 1442 2934 ’

199 3015 280 3112 pum
296 3029 457 3110 Corinthi,
476 3031 603 3100 Romae
618 3051 724 3116 usque
744 3030 785 3101 ad
799 3034 978 3114 Anicetum
989 3033 1193 3115 (reu-169),
1212 3031 1375 3100 Hieroso·

198 3147 307 3230 lyrnis'
323 3155 429 3234 usque
449 3148 491 3218 ad
512 3147 712 3234 Symeonem
729 3147 893 3235 cleopae,
919 3150 1081 3236 supplicio
1098 3149 1269 3221 adfectum
1293 3147 1375 3230 (an-

201 3283 246 3334 no
267 3267 358 3349 tte).
392 3267 542 3338 ‘Tamdiu
564 3264 771 3355 Hegesippus
796 3267 945 3353 singulas
965 3269 1033 3357 has,
1048 3268 1207 3338 ecclesias
1228 3268 1375 3350 virgines

201 3387 604 3469 permansisserestarur.
645 3388 740 3459 Unde
765 3389 990 3473 Hieronymus
1020 3389 1192 3471 cognitum
1222 3385 1377 3457 habuerit

201 3499 443 3590 Hegesipphrn
453 3505 585 3590 plenam
606 3493 780 3577 historiam
802 3531 822 3576 a
841 3507 966 3578 Christi
986 3521 1095 3578 morte
1118 3527 1225 3595 usque
1251 3505 1377 3574 adsue
1468 3527 1473 3533 “

203 3607 358 3706 tempora
385 3626 638 3710 composuisse,
669 3651 738 3698 non
767 3622 883 3713 liquet.
934 3627 1066 3697 Nam
1055 3617 1166 3716 ipsum
1194 3621 1376 3706 Hegesippi

203 3746 289 3824 opus
311 3730 412 3836 manu
432 3766 603 3861 recreasse,
623 3745 759 3816 nullum
780 3759 831 3816 est
850 3747 1039 3828 vestigium.
1081 3737 1172 3816 ruht
1192 3755 1283 3874 certe
1303 3740 1377 3839 ejus

200 3837 335 3972 profert
346 3843 448 3948 quod
463 3855 531 3935 ιιοίι
552 3847 640 3950 apud
660 3866 843 3936 Eusebium
865 3867 1084 3953 reperiamus·

207 3983 211 3992 '
282 3982 418 4067 „Atque
437 3978 515 4052 hine
536 3984 679 4053 multum
702 3983 843 4054 dolenda
863 3975 984 4057 horum
1016 3987 1159 4111 quinque
1188 3976 1380 4064 ὑπομνημά-

202 4117 266 4164 των
283 4100 433 4192 jactura,
446 4105 650 4188 praesertim
672 4093 774 4202 quum
794 4128 903 4191 pauca
923 4117 1054 4178 tantum
1075 4127 1192 4207 eorum
1210 4102 1380 4190 supersint
1427 4170 1430 4173 ,

202 4206 404 4298 fragmenta
407 4225 427 4258 ‘⁸
706 4293 710 4298 ,

252 4333 373 4408 Na‘m
397 4339 448 4410 his
474 4334 724 4414 commentariis
755 4345 922 4430 antiquius
954 4345 1053 4432 nihil,
1083 4347 1172 4414 unde
1203 4343 1272 4414 hist
1259 4343 1380 4413 teriam
1426 4323 1431 4339 '
1492 4373 1493 4382 ν

202 4476 318 4529 rerum
346 4460 612 4534 Christianarum
642 4464 719 4534 inde
742 4466 782 4534 ab
805 4443 896 4536 arrno'
919 4457 1043 4536 Christi
1062 4463 1098 4531 33
1116 4454 1160 4536 ad
1170 4455 1303 4536 'annum
1325 4453 1382 4526 167
