3020 5024
548 499 555 526 t

165 557 404 644 madvertere,
429 581 559 654 ,quam-
573 558 720 632 feliciter
752 557 838 628 illud
866 577 951 652 opus
985 553 1261 637 instauraverit}
1289 539 1386 625 licet*

167 705 321 787 doleam,
347 693 402 775 Te
432 729 502 775 non
526 719 670 792 ¹prorsus
701 703 806 774 libere
834 701 923 771 hanc
943 663 1023 770 reni
1039 712 1219 770 sacrarum
1240 692 1374 770 littera-

107 866 111 876 ’
165 831 245 954 rum
279 848 660 947 editoribus-inprimis
691 847 811 917 utilem
846 868 886 918 ae
914 845 1144 916 necessariam
1174 845 1220 914 ab·
1237 845 1374 930 integro

167 1019 213 1066 cx
234 995 310 1085 Tua
330 985 437 1080 ipsius
458 954 628 1063 sententia
652 994 832 1062 instituere
862 992 1031 1078 potuisse.
1074 989 1159 1082 Spes
1181 1001 1294 1058 autem
1314 1011 1373 1092 me

71 1180 76 1204 ι
168 1140 382 1219 consolatur,
405 1142 456 1206 Te
478 1139 567 1236 vitae
589 1159 685 1232 meae
708 1149 778 1210 tam
810 1135 869 1205 diu
899 1136 1122 1220 superstitem
1144 1154 1185 1202 ac
1205 1137 1373 1220 sospitem

171 1285 270 1366 sore,
300 1297 341 1352 ut
370 1249 564 1368 posteritati
594 1280 662 1350 boo
693 1293 787 1368 opus·
810 1239 1010 1378 aliquando,
1038 1293 1078 1350 ut
1101 1279 1213 1362 lubet,
1244 1303 1315 1349 non
1336 1292 1378 1348 ut

168 1429 310 1516 licet,„a
330 1427 562 1498 fundamentis
584 1438 765 1500 exstruere
785 1426 912 1510 possis.
935 1422 936 1426 ’

248 1571 342 1642 Inter
364 1569 430 1640 alia
451 1569 665 1648 Griesbaohii
685 1566 894 1658 ὑςιρὴματα,
923 1591 1012 1656 quae
1039 1583 1204 1656 quantum
1225 1559 1376 1643 rationes
1440 1617 1442 1625 ι

69 1809 75 1818 ,
165 1665 379 1802 bibliopolae
400 1714 585 1801 datumque
606 1716 755 1799 spatium
782 1715 948 1801 temporis
969 1729 1223 1807 concesserant,
1244 1717 1304 1786 abs
1326 1717 1378 1787 Te

171 1838 439 1948 eompletagiati
454 1860 685 1944 agnoscimus,
700 1862 845 1970 Petrum
857 1861 1173 1958 antiquissimorum
1189 1831 1289 1930 citata
1302 1882 1373 1932 non

169 2031 236 2094 ¹pro
256 2029 320 2076 suo
335 2005 445 2092 pretio
470 2006 669 2074 aestimasse
688 1995 786 2074 nobis
806 2002 960 2073 videtur:
989 2026 1068 2096 nam
1090 2004 1294 2090 colligendas
1314 2004 1369 2074 ille
1394 2053 1397 2060 «

171 2152 366 2268 varietates,
387 2151 416 2220 si
431 2147 568 2220 codices
583 2147 667 2218 nulli
684 2147 737 2229 vel
752 2151 852 2234 pauci
867 2151 1109 2254 consonarent,
1126 2163 1159 2219 et
1179 2152 1243 2220 sub
1258 2172 1374 2218 recen·
1479 2129 1481 2132 ⁵

176 2279 314 2372 sionum
338 2317 423 2380 quas
455 2291 682 2366 constituerat
702 2291 796 2376 leges
818 2291 983 2384 difficilius
1005 2307 1150 2378 possent
1168 2297 1305 2376 vocari,
1327 2295 1378 2363 in·
1405 2261 1409 2266 v

175 2439 286 2510 stabili
309 2440 495 2509 memoriae
516 2451 575 2507 aut
608 2437 765 2506 licentiae
794 2438 930 2508 cuidam
954 2439 1147 2523 imputabat
1176 2451 1234 2509 aut
1254 2461 1316 2524 per
1337 2461 1378 2510 os

176 2583 323 2665 inutilla,
345 2589 414 2654 non
434 2583 790 2698 litlerlseousignaia,
811 2581 853 2648 τὰ
872 2579 971 2666 λόγια
992 2593 1026 2652 et
1053 2571 1380 2669 impingentium

176 2733 217 2797 ri
240 2724 351 2830 {lorgi
369 2749 429 2801 cos
450 2725 611 2802 habuisse
632 2729 805 2798 censebat.
848 2732 919 2797 Nos
941 2749 1023 2799 vero
1047 2729 1160 2800 missis
1181 2727 1398 2815 hypothesi-⁴

63 2903 72 2918 ·
176 2877 251 2946 bus'
272 2877 346 2946 istis
377 2876 529 2944 animum
560 2873 723 2942 inducere
757 2891 823 2942 nun
850 2895 1035 2958 possumus
1071 2875 1151 2961 quin
1184 2876 1380 2956 credamus,
1436 2933 1445 2950 ,

178 3019 354 3104 evangelia
374 3019 433 3089 illa
454 3031 601 3106 quatuor
623 3039 710 3104 quae
729 3019 765 3088 in
781 3018 1020 3089 canonicorum
1039 3019 1195 3090 ordinem
1223 3011 1381 3104 extremo
1401 3079 1405 3088 .

65 3234 67 3238 .
178 3164 296 3236 seculo
331 3164 643 3242 secundoredacta
665 3176 746 3234 stent
776 3163 875 3246 (nam
895 3166 997 3250 primi
1026 3155 1175 3236 Canonis
1203 3189 1381 3238 sacrorum

177 3308 343 3380 librorum
374 3309 419 3379 N.
449 3309 493 3379 T.
525 3321 629 3397 testes
667 3311 799 3396 primos
829 3305 1010 3383 Irenaeum
1051 3333 1091 3389 ac
1131 3308 1383 3383 Tertullianum
1435 3303 1438 3311 ’

87 3483 98 3494 ’
179 3467 295 3525 certos
322 3453 533 3536 hebernus),
562 3453 734 3539 aliquanto
764 3457 860 3546 prius
896 3453 1019 3525 litteris
1041 3457 1242 3539 consignata
1276 3457 1384 3526 fuisse
1427 3499 1430 3506 -

178 3581 314 3684 singula
352 3597 495 3668 diversis
533 3599 731 3682 regionibus
771 3613 807 3670 ct
844 3583 1081 3686 apud‘parres
1109 3603 1384 3673 Christianorum

141 3801 143 3808 Α
178 3735 369 3825 diversas,
408 3733 564 3828 itemque
599 3752 750 3815 ceteros'
776 3743 823 3814 N.
863 3751 904 3820 Τ.
941 3745 1059 3819 libros.
1100 3747 1146 3817 Et
1166 3748 1385 3833 suspicamur

179 3887 330 3971 merito,
377 3889 435 3974 qui
477 3889 570 3958 circa
611 3887 696 3993 illud
737 3911 861 3962 aevum
901 3896 1085 3975 unionem,
1119 3905 1159 3964 ut
1191 3893 1240 3964 ita
1268 3891 1388 3976 loqua-

52 4073 55 4086 ι
157 4057 272 4128 mur,
288 4031 472 4105 Christiani
493 4031 641 4108 nominis
661 4035 902 4118 moliebantur,
925 4039 960 4109 in
982 4029 1045 4109 sua
1066 4040 1229 4124 dogmata
1250 4029 1388 4122 conspi-

176 4192 310 4255 rantem
328 4191 362 4249 et
381 4198 562 4248 sacrorum
579 4182 821 4250 communione
841 4181 896 4259 eae
917 4181 1178 4273 ἑτερογνωμόνας
1198 4193 1387 4284 arcentem,

114 4409 117 4420 Δ
174 4327 267 4396 viros
290 4326 330 4394 ab
359 4325 494 4396 Joanne
513 4312 725 4412 Presbytero·
743 4328 897 4428 maxime
920 4329 1097 4414 profectos
1127 4351 1194 4421 pro
1212 4349 1275 4397 suo
1299 4323 1388 4396 arbi·

133 4497 149 4524 s
175 4475 242 4542 trio
286 4471 496 4558 consilioque
534 4457 719 4546 canonem
751 4473 987 4555 constituisse,
1029 4487 1068 4544 ut
1108 4471 1274 4562 ecclesiae
1312 4467 1390 4540 illac
