2990 5022
693 393 731 408 -···
788 362 809 426 4
868 393 904 431 -τ

216 499 306 575 naeu
331 457 524 588 perhibent,
555 523 642 574 anno
670 505 738 574 119.
759 503 900 574 Constat
925 515 1037 574 autem
1059 500 1231 580 lustinum
1251 469 1336 590 plud‘
1350 492 1391 570 ld

2 641 3 725 J
96 659 101 668 ·
216 620 312 690 anuis
335 631 414 704 post
429 619 574 700 viguisse
594 623 657 690 sub
677 623 866 692 Antoninis·
906 619 1250 707 ExhocEpiphanii,
1270 623 1299 692 si
1318 622 1390 692 Diis

74 735 91 800 ’.
215 737 344 824 placet,
375 739 568 808 testimonio
591 738 733 808 Grabius
753 741 864 824 inepte
880 740 1026 824 colligit,
1056 741 1226 812 lustinum
1250 739 1392 810 anneus
1462 739 1464 748 ⁴

216 855 339 926 Christi
363 855 398 922 in
423 853 533 928 luceru
563 855 689 926 editum
721 877 810 928 esse:
839 859 1016 930 manifeste
1045 862 1132 929 enim
1155 857 1285 928 falsitas
1312 859 1391 928 anni

215 971 469 1070 letalismatalis
493 979 570 1046 anni
592 980 767 1048 veritatem
789 981 974 1064 approbare
997 1000 1065 1047 non
1093 989 1218 1062 potest.
1264 977 1392 1074 tustini

214 1094 356 1180 denique
375 1095 499 1178 scripta
519 1119 588 1164 non
603 1097 780 1180 juvenem,
809 1096 869 1168 sed
889 1097 1136 1181 provectiorem
1156 1096 1251 1168 annis
1272 1085 1390 1194 auctoss

212 1230 288 1282 rem
308 1198 487 1291 manifesto
509 1227 666 1298 arguunt.

276 1633 278 1638 ¹
334 1543 608 1652 Hegeeippi
641 1550 812 1646 patria
837 1558 881 1625 et
910 1533 1266 1653 peregrinatio.
1341 1593 1343 1604 ,

284 1683 507 1768 '„Ceterum,‘
527 1687 671 1758 Grabius
705 1690 829 1774 inquit,
868 1712 989 1777 pomax
1009 1703 1103 1769 sunt,
1141 1711 1226 1774 quae
1253 1687 1295 1758 de
1322 1685 1391 1758 hoe
1489 1717 1490 1720 ¹

216 1821 355 1879 auctore
380 1811 445 1880 dici
471 1825 625 1896 possunt.
666 1811 831 1882 Eusebius
850 1810 892 1879 H.
913 1811 954 1881 u.
975 1813 1012 1877 l:
1032 1813 1083 1879 22.
1106 1821 1267 1888 testatur,
1293 1803 1390 1890 illurn
1489 1839 1490 1844 κ

215 1926 250 2013 ἐξ
268 1926 438 2015 Ἐβραίων
452 1931 707 2008 ’πεπιςενκέναῶ
736 1985 738 1989 .
938 1916 941 1930 ¹
1164 2021 1167 2028 Ι

294 2052 372 2145 Quo
402 2075 525 2134 genere
554 2067 667 2134 ortus,
696 2055 753 2122 ubi
779 2065 878 2124 natus
902 2063 937 2121 et
954 2052 1137 2135 educatus,
1165 2043 1391 2137 quandope-
1483 2041 1491 2126 f

70 2241 73 2248 ,
157 2196 161 2215 ‚
213 2189 314 2251 repre
336 2171 523 2254 profectus,
545 2195 610 2257 quo
633 2175 702 2242 lato
726 2185 863 2242 coactus
880 2142 1139 2256 quoveconsilio
1155 2169 1294 2250 ductus,
1318 2167 1391 2253 qui·

212 2279 277 2357 bus
293 2290 329 2354 in
349 2287 432 2359 locis
456 2305 706 2372 commoratus,
726 2304 908 2376 antequam¹
926 2289 1079 2358 tenderet
1093 2289 1254 2370 Romam,
1281 2289 1389 2356 nesci·
1490 2347 1491 2350 ,

216 2415 284 2476 tur.
335 2407 507 2498 Quantum
545 2411 739 2492 conjectura
769 2410 900 2494 assequi
926 2429 1122 2506 possumus,
1158 2406 1284 2476 bellum
1307 2403 1390 2474 illud

29 2555 31 2560 ·
111 2575 114 2580 .
214 2525 442 2596 alfleda-iano
465 2539 597 2608 gestum
623 2530 714 2596 arinis
733 2529 856 2598 Christi
878 2529 1049 2592 ret-1³8
1073 2527 1225 2616 circiter,
1245 2544 1310 2611 quo
1329 2510 1392 2590 Ju·
1477 2497 1479 2506 Ι

215 2645 288 2714 daei
309 2643 450 2713 rebelles
465 2643 507 2713 ad
526 2645 682 2714 ultimum
702 2649 840 2730 inopiae
849 2657 1013 2713 venerunt
1031 2656 1130 2728 atque
1144 2664 1279 2714 onmem
1293 2639 1390 2724 spem

215 2764 436 2833 restitutionis
454 2764 655 2842 amiserunt,
676 2765 904 2850 Hegesippum
920 2763 1055 2831 videtur
1071 2783 1149 2831 cum
1172 2761 1244 2830 aliis
1264 2760 1316 2831 sui
1332 2781 1391 2840 ges

215 2883 305 2952 neris
321 2882 513 2952 ¹horninibus
544 2880 732 2966 impulisse,
760 2895 799 2950 ut
817 2881 1092 2951 nomenchrlsto
1116 2866 1251 2949 darent.
1291 2875 1390 2948 Turre

216 3001 390 3084 enim'per
419 3010 528 3072 totum
556 3001 675 3068 orbem
707 3001 897 3069 Romanum
921 2986 997 3068 odio
1014 3001 1139 3084 pariter
1160 3011 1195 3066 et
1215 3009 1390 3066 contemtu

215 3118 369 3188 laborare
390 3129 590 3202 coeperant,
613 3139 652 3186 ac
667 3119 864 3203 praesertim
891 3117 933 3186 de
957 3140 1016 3186 ara
1034 3119 1254 3202 pinguescere
1282 3135 1321 3199 ac
1341 3115 1392 3182 ni·

217 3243 347 3305 tescer'e
367 3234 457 3305 soliti
478 3257 545 3304 non
566 3235 731 3305 habebant
754 3236 843 3305 uude
869 3239 1034 3320 viverent.
1074 3234 1245 3304 Pharisaei
1271 3246 1305 3301 et
1326 3219 1390 3300 'Less
1491 3273 1492 3300 1

215 3355 383 3438 prepositi,
419 3355 474 3438 qui
500 3363 597 3423 antea
620 3353 804 3438 νομίζοντες
832 3353 995 3442 πορισμὸν
1020 3343 1103 3421 einer
1133 3352 1193 3432 τὴν
1221 3345 1390 3434 εὐσέβειαν

162 3472 164 3484 ’
216 3491 310 3540 mare
335 3483 528 3566 terramque
558 3473 735 3568 circumire
761 3485 1023 3555 consueverant,
1060 3485 1099 3541 ut
1119 3469 1309 3556 proselytos
1331 3491 1390 3536 ve·
1471 3470 1492 3488 ''

216 3602 378 3660 narentur
398 3591 592 3672 munificos,
620 3613 687 3676 quo
712 3590 822 3660 adhuc
844 3593 980 3660 nomine
1008 3592 1061 3660 usi
1091 3590 1230 3660 fueraut
1255 3567 1389 3658 lucrum
1420 3675 1423 3681 .
1491 3641 1492 3644 ,

216 3707 344 3776 frustra
360 3708 554 3793 captabant,
574 3730 677 3794 quum
692 3689 871 3779 Christiani
884 3701 1027 3799 nominis
1038 3707 1147 3791 gratia
1161 3696 1272 3778 wubivis
1293 3727 1391 3804 prae-

176 3825 180 3832 '
216 3821 355 3895 valeret·
409 3820 498 3895 Tum
535 3847 615 3896 vero
655 3848 734 3896 ere
762 3847 825 3898 sua
859 3840 977 3912 putare
1014 3837 1217 3913 coeperunt,
1268 3815 1387 3894 Jesum

217 3935 386 4014 Christum
401 3965 459 4014 ore
472 3945 641 4028 profiteri,
661 3947 710 4014 sic
729 3957 840 4014 tamen
853 3959 893 4014 ut
904 3969 1002 4015 suum
1014 3937 1203 4029 ingenium,
1225 3936 1401 4046 quantum

217 4065 350 4142 liceret,
381 4062 453 4144 ejus
477 4061 670 4146 disciplinae
701 4064 950 4148 suffunderent,
980 4064 1049 4134 suis
1079 4055 1293 4133 vanitatibus
1313 4058 1387 4130 rem

218 4180 440 4252 Christianam
452 4179 689 4262 adulterarent,
708 4183 871 4253 fabulosis
883 4184 1080 4254 commentis
1091 4173 1265 4266 imperitos
1275 4197 1392 4249 rerum

217 4293 380 4370 lactarent
394 4299 607 4385 oraculisque
619 4300 775 4374 inauditis
786 4324 900 4372 rerum
914 4324 1078 4371 novarum
1094 4299 1270 4386 impatiens
1287 4298 1395 4370 surdi·

216 4435 274 4490 um
289 4420 466 4502 injicerent
477 4419 637 4494 credulis·
652 4420 879 4511 sedprimus
893 4413 1282 4494 omniumluit‘lromines
1296 4421 1395 4498 indu·
