3020 5024
671 378 711 396 ...
763 345 831 412 ΛΜ
890 381 928 402 ..

187 490 397 578 Δ1ἰ1εει·ῑ(>εε)
423 495 601 581 quisquam
622 493 762 566 crimine
781 493 967 576 maiestatis
988 489 1241 576 aut-'religionis
1262 505 1298 566 et
1317 517 1392 565 mo·
1441 543 1444 548 ·

193 614 251 683 *ris
271 613 406 684 Judaioi
425 614 617 685 deferretur
639 615 715 684 Dio.
737 615 794 682 68:
815 617 846 679 1.
870 611 1129 724 Quod'qtlidern
1153 611 1242 718 lraud
1264 637 1391 684 novum
1467 655 1471 664 =

200 717 510 805 sedinsteuraur'm
531 736 599 803 Titi
621 734 769 808 edictum
804 733 972 814 Trajannr
992 718 1202 806 continuivit
1235 753 1277 802 ao
1296 753 1393 802 sere·
1460 719 1462 726 ’

176 842 273 923 vrius
295 851 571 952 exercuit(Vid.
594 853 734 924 Sueten·
753 851 890 931 ffit38.)
911 853 941 922 Α
962 849 1169 926 delatoribus
1190 851 1274 922 enim
1295 869 1393 930 arere

133 961 136 967 ’
183 993 260 1042 Δειιε
291 973 357 1041 fuit
376 971 431 1042 hic
451 974 633 1058 princeps,
662 993 731 1056 quo
753 970 928 1042 meliorem
961 973 1105 1043 Romani
1125 969 1255 1042 nullum
1285 972 1393 1044 habu·
1500 1059 1503 1065 Δ

195 1105 320 1176 erunt,
350 1113 414 1162 nec
447 1111 576 1176 pronus
602 1091 636 1158 in
668 1092 752 1160 irum
776 1111 844 1160 nec
874 1093 982 1188 magis
1014 1103 1174 1175 appetens
1202 1090 1390 1172 alienorum
1453 1177 1462 1194 ,

193 1233 302 1298 ,quam
329 1212 520 1286 innocentis
542 1210 729 1293 sanguinis.
770 1207 864 1280 Idem
885 1210 944 1276 68:
966 1214 1021 1286 lq,
1047 1300 1048 1303 Ἴ

226 1379 229 1384 -
277 1330 383 1425 Quod
404 1315 572 1424 Sulpicius
594 1343 731 1410 narrat,
744 1341 784 1409 ,et
804 1311 1169 1414 scripturesnistoriae
1190 1330 1394 1408 eeclesiasti-

201 1470 262 1520 cae
283 1449 387 1537 vulgo
409 1449 559 1532 tradunt,
580 1451 714 1518 tertiam
734 1451 1006 1535 persecutionem
1023 1449 1162 1532 Traiani
1180 1429 1307 1534 luisse,
1326 1454 1395 1523 He.-
1497 1511 1504 1535 ‚

201 1571 331 1654 gesippi
353 1581 485 1640 tantum
506 1568 628 1639 fabulis
642 1581 787 1640 cousmt.
828 1567 951 1645 Melite
969 1568 1078 1649 enim,
1104 1569 1288 1655 Hegesippi
1309 1583 1395 1640 tem·
1478 1644 1481 1658 ,

199 1711 286 1774 pore
307 1677 486 1775 episeopus
508 1688 700 1781 Sardianus,
726 1686 838 1757 libello
869 1689 1046 1774 supplice,
1078 1711 1177 1774 quem
1208 1689 1251 1762 ad
1284 1694 1394 1782 Anto:
1497 1767 1500 1772 ,

201 1809 444 1882 nium‘Verunt
473 1809 629 1902 scripsit:
656 1806 763 1891 „sola
796 1810 926 1893 inquit,
961 1811 1113 1878 omnium
1134 1810 1392 1918 imperatorum,

200 1931 294 2005 Nero
317 1951 359 1998 ao
378 1929 616 2014 Domitianus,
644 1950 665 1996 a
684 1927 839 2011 malignis
872 1926 1063 1998 hominibus
1090 1928 1218 1998 inducti
1239 1943 1392 2000 nostram

200 2051 370 2120 rationem
403 2048 437 2117 in
459 2045 600 2116 crimine
626 2067 754 2132 ponere
774 2047 978 2131 volueruntq
1004 2026 1165 2132 aquibus
1186 2050 1287 2119 eriam
1307 2048 1412 2134 illud,

156 2215 158 2218 -
201 2171 392 2248 calumniae
427 2166 640 2236 mendacium
683 2155 846 2236 adversus
888 2165 972 2236 tales
1000 2169 1118 2236 insana
1148 2170 1392 2238 consuetudine

200 2292 363 2375 manarit.
390 2288 539 2355 ·Verum
570 2287 772 2356 dementiam
799 2286 936 2356 illorum
958 2289 1006 2356 tui
1028 2289 1072 2372 pii
1094 2301 1208 2373 patres
1229 2310 1391 2359 correxe-

200 2415 299 2501 runt*
321 2420 390 2479 etc.
432 2406 561 2476 Euseb.
581 2411 620 2478 la
639 2409 691 2474 26.
723 2405 882 2478 Similiter
900 2406 1132 2492 Tertullianus
1153 2408 1317 2493 (Apolog.
1336 2413 1388 2490 5)a

199 2529 388 2616 Reperietis
421 2530 569 2614 primum
595 2527 764 2597 Neronem
801 2529 836 2596 in
869 2525 959 2596 lianc
984 2539 1114 2596 sectam
1144 2539 1218 2598 turn
1246 2531 1391 2599 maxime

185 2650 332 2720 'Romae
365 2651 532 2721 orientem
554 2651 757 2720 Caesariano
786 2628 898 2730 gladio
926 2648 1098 2742 ferocisse.
1125 2683 1163 2696 -·
1186 2647 1391 2718 Tentarerat

201 2784 236 2840 et
250 2770 474 2852 Domitianus,
495 2771 608 2856 portio
622 2771 768 2840 Neronis
783 2767 825 2836 de
845 2765 1094 2837 crudelitate-
1110 2767 1267 2836 Ceterum
1283 2766 1327 2836 de
1338 2780 1389 2836 tot

201 2889 326 2992 exinde
346 2891 553 2976 principibus
575 2888 617 2958 ad
635 2888 838 2959 hodiernum
860 2887 949 2958 edite
969 2885 1113 2972 aliquem
1148 2885 1390 2956 debellatorem

202 3007 492 3080 Christianorum!
525 3007 652 3101 Quales
680 3030 762 3092 ergo
783 3007 875 3090 leges
895 3007 1001 3087 istae,
1037 3028 1119 3091 quas
1141 3005 1305 3078 adversus
1325 3031 1389 3078 nos

201 3126 268 3199 soli
287 3140 450 3198 exercent
468 3128 587 3213 impii,
607 3128 742 3210 injusti,
763 3140 893 3212 turpes,
915 3138 1045 3226 truces,
1067 3127 1161 3207 vani,
1183 3127 1388 3195 dementes?
1505 3125 1508 3142 ‘

204 3255 287 3333 quas
314 3248 487 3330 Traianus
515 3268 559 3317 ex
588 3261 686 3332 parte
704 3247 888 3318 frustratus
909 3258 983 3328 est,
1012 3268 1095 3332 quas
1115 3243 1227 3320 nullus
1247 3246 1388 3316 Hadria·
1506 3299 1508 3338 s

201 3389 287 3450 nus,
308 3362 421 3438 nullus
442 3369 547 3456 Pius,
567 3367 681 3438 nullus
702 3367 811 3439 Verus
831 3366 1020 3451 impressit“
1049 3364 1108 3446 (id
1133 3378 1189 3438 est
1206 3367 1275 3434 vim
1297 3365 1391 3466 addi·
1505 3375 1507 3422 Γ

202 3485 274 3569 dit,
295 3487 484 3558 velificatus
506 3500 557 3559 est
576 3485 813 3566 exercendis).
1395 3467 1397 3478 ’

281 3605 346 3674 Sed
364 3625 447 3674 vero
463 3606 564 3686 injus
582 3619 721 3675 vocatos
736 3606 921 3692 poenisque
935 3609 1078 3678 affectos
1090 3629 1167 3678 csse
1179 3605 1386 3676 Christianos

204 3725 345 3807 Trajani
358 3741 510 3817 tempore
524 3737 659 3802 constat
668 3747 714 3794 ex
727 3727 872 3796 Arriano
887 3726 997 3812 Epict.
1014 3730 1048 3794 7:
1062 3731 1094 3796 l.
1109 3708 1198 3796 Prin.-
1208 3727 1315 3812 Epist.
1332 3729 1388 3797 10:
1504 3763 1505 3766 ¹

203 3847 253 3928 97,
272 3833 509 3915 ilsssnntonin.
532 3849 587 3912 11:
600 3847 630 3914 t.
647 3865 725 3914 cnm
740 3845 909 3916 animadv.
932 3847 1112 3916 Gataokeri
1132 3851 1301 3916 ⁸Attamen
1319 3870 1389 3916 non

201 3989 279 4054 per
298 3967 506 4056 Traianum,
536 3976 576 4035 ut
595 3963 762 4050 Sulpicius
781 3965 975 4047 insimulat,
994 3989 1064 4037 non
1085 3965 1233 4038 edicto
1253 3968 1388 4052 Trajnni
1450 3967 1455 3974 ’

202 4086 395 4172 persecutio
410 4085 500 4154 facta
512 4097 581 4159 est:
593 4105 671 4156 nam
682 4085 712 4154 si
723 4086 802 4172 quid
813 4087 883 4169 ejus
898 4083 1220 4169 fuisset,laterenon
1231 4100 1389 4174 potuerat
1503 4061 1506 4132 ¹³

201 4205 370 4287 Plinium,
390 4212 654 4290 propraetorem.
695 4209 823 4301 ,immo
844 4207 1010 4289 Traianus
1031 4211 1062 4278 ei
1090 4208 1287 4294 rescripsit,
1307 4229 1391 4281 cou-

183 4324 388 4412 'qnirendos
407 4347 490 4396 non
517 4343 592 4396 esse
612 4325 845 4412 Christianos·;
875 4332 1110 4405 tantummodo
1140 4334 1170 4426 si
1191 4332 1388 4404 deferantur
1503 4307 1505 4322 ⁴
