2990 5022
1184 444 1187 458 Ι
1245 371 1293 434 n

5 651 7 656 ,
78 596 131 677 gis
150 551 314 664 vrrai'ru'rtrc
333 591 442 676 gravi
456 546 642 678 suspicioni
663 589 852 662 obnoxium
873 587 919 658 alt
938 584 1090 670 νοθείας,
1113 589 1298 678 interpola·

23 709 28 722 ι
72 701 203 828 MS,
226 736 476 822 corruptionis,
493 733 648 821 ideoque,
681 747 778 806 certe
800 727 882 802 dum
903 733 1056 820 scrupuli
1083 739 1238 840 resident
1256 761 1298 809 ac
1320 798 1323 812 .

54 919 64 932 ·
91 883 282 958 iconomo
301 885 435 968 cuique
455 903 526 952 ncn
546 877 664 966 lineet,
685 880 720 952 in
740 878 846 950 lidem
868 877 1128 966 doctrinamque
1149 901 1297 968 evenge-

58 1030 178 1101 'licrm
199 1029 317 1114 recipi
339 1051 414 1098 non
434 1027 556 1113 possit
684 1075 689 1088 .

154 1177 188 1246 Si
211 1163 393 1263 quispiam
417 1171 527 1253 alius,
554 1193 618 1242 nos
649 1172 674 1240 ii
694 1187 817 1244 sumus
839 1129 1000 1259 omnino,
1035 1172 1093 1258 qui
1112 1171 1200 1242 inter
1220 1167 1298 1256 phi·

15 1326 20 1341 ‘
81 1321 242 1406 lologiam
267 1321 461 1408 profanam
477 1337 585 1404 ,quam
607 1316 724 1388 dicunt
742 1329 782 1388 et
804 1337 938 1388 sacram
960 1315 1088 1392 nullam
1110 1315 1299 1404 principio·

80 1489 151 1536 rum
171 1462 459 1549 tegularumque
475 1459 700 1534 differentiam
715 1459 959 1549 agnoscamus.
1001 1461 1068 1534 Sed
1087 1463 1297 1548 cogitatione

87 1615 230 1696 lingant,
264 1631 500 1698 quaesumus,
533 1606 719 1694 philologi,
762 1623 902 1682 centurn
930 1611 1026 1682 annis
1052 1620 1135 1694 post
1164 1607 1297 1678 obitum

90 1756 234 1826 Platonis
257 1752 465 1838 complures
487 1766 627 1824 exortas
649 1733 727 1824 esse
758 1753 997 1843 philosophiae
1017 1756 1186 1836 familias,
1214 1775 1299 1842 qua·

87 1927 156 1974 rum
176 1901 366 1973 retulisset
399 1899 585 1986 plurimum
621 1898 764 1972 diversa·
779 1923 844 1972 sua
862 1899 989 1987 placita
1008 1898 1110 1970 sliam
1130 1895 1300 1968 adversus

89 2048 190 2118 aliam
212 2017 423 2116 auctoritate
444 2046 598 2118 Platonis
628 2057 663 2114 et
683 2043 945 2118 Platonicorum
980 2047 1199 2130 antiquorum
1222 2065 1302 2128 pro-

95 2211 272 2276 pugnaret
294 2192 363 2276 quis
384 2160 537 2305 flubitet,
570 2192 650 2277 quin
676 2189 805 2278 falsata
825 2191 1073 2278 suppositaque
1101 2189 1210 2262 multa
1230 2191 1302 2262 hoo

95 2341 242 2424 partium
278 2337 393 2408 studio
428 2348 606 2421 procreata
648 2337 794 2407 essent?
834 2328 1018 2420 Fingamus
1047 2335 1155 2416 item,
1185 2359 1292 2406 unam

90 2505 208 2552 earum
229 2453 439 2550 familiarum
461 2479 569 2568 tribus
599 2480 655 2551 vel
683 2487 831 2568 quatuor
859 2505 880 2554 a
900 2482 1045 2554 Platone
1065 2495 1146 2552 nato
1168 2479 1295 2552 seculis

27 2613 30 2620 ’
95 2651 194 2712 quum
216 2630 342 2698 ceteris
364 2626 627 2713 praevaluisset,
655 2626 895 2698 bibliothecam
917 2611 1133 2711 Platonicam
1160 2627 1201 2694 ab
1222 2626 1299 2710 ipsa

98 2769 276 2860 delectam,
312 2771 551 2878 recognitam,
581 2752 785 2842 instructam
820 2793 926 2841 unam
947 2783 983 2841 ct
1015 2769 1125 2842 solam
1146 2733 1298 2843 vnluisse
1356 2807 1357 2812 ,

7 2977 11 2984 ,
95 2927 196 2990 ratam
217 2919 354 3000 haberi,
375 2912 511 3000 reliquis
546 2917 705 2987 omnibus
727 2917 881 2988 emedio
904 2918 1066 2989 sublatis:
1102 2917 1296 3006 quam'slil'·

89 3063 176 3132 licilc
195 3076 235 3132 et
268 3061 415 3132 arduum
437 3061 538 3132 hodie
558 3062 669 3144 foret,
695 3064 746 3133 ab
779 3063 979 3136 adulterinis
1012 3074 1049 3130 et
1075 3053 1310 3148 interpolatis

86 3206 293 3289 discernere,
309 3208 436 3290 scripta
454 3206 714 3293 Platonicorum
726 3211 944 3296 antiquorum
965 3231 1058 3288 vera,
1076 3209 1222 3298 sincera,
1243 3208 1296 3276 in·
1394 3186 1400 3201 ⁸

88 3365 204 3437 tegra,
227 3365 326 3437 atquc
337 3354 547 3424 indubitatos
564 3366 745 3439 certosque
759 3353 863 3426 libros
878 3354 1031 3454 Platonis
1045 3353 1124 3424 illos
1143 3343 1305 3438 quidem,

91 3499 147 3568 scd
185 3499 415 3584 interpolatos
444 3499 665 3586 ctlvitiatos‚
703 3497 750 3568 ad
781 3497 991 3570 authentiam
1033 3497 1306 3587 quodammodo·

11 3665 14 3673 “
94 3641 211 3711 saltem
235 3638 411 3724 coirigere
428 3655 472 3712 et
490 3642 712 3728 repurgarc'.l
745 3637 848 3728 idque
881 3643 982 3718 turba
1003 3655 1097 3714 tanta
1116 3645 1306 3732 praeiudi·-

42 3776 48 3791 ’
101 3801 245 3860 catarum
277 3759 477 3874 opinionum
512 3788 688 3872 obstante,
721 3771 827 3874 'quam
856 3788 1010 3860 internae
1036 3784 1176 3859 criticae
1197 3792 1230 3884 S,
1249 3793 1291 3859 L.

58 4011 61 4016 ,
96 3893 307 4006 etiamnunc
329 3930 543 4014 adversatur,
591 3936 689 4004 Hanc
709 3931 941 4041 difficultatem
972 3932 1119 4006 multum
1140 3957 1290 4021 exagge-

91 4093 148 4150 rat
165 4083 320 4166 paucitas
340 4080 575 4160 litteraturae,
597 4100 699 4165 quam
720 4098 766 4147 cx
786 4075 1026 4163 apostolorum
1057 4081 1308 4168 proximisque-

90 4226 256 4299 aetatibus
284 4223 454 4314 reliquam
486 4225 569 4296 fecit
596 4238 733 4310 tempus
769 4221 859 4294 edax
892 4243 1009 4293 rerum
1038 4236 1073 4293 et
1099 4227 1294 4315 malignitas

90 4370 373 4459 Catholicorum,·
395 4349 453 4458 qui
471 4371 536 4442 nisi
548 4371 676 4456 passim
698 4369 892 4454 semetipsi
912 4370 1147 4457 imprudentes
1167 4375 1295 4460 prode·
1348 4379 1351 4387 '

88 4535 166 4592 rent
187 4534 222 4592 ct
235 4521 275 4592 in
295 4517 490 4592 haereticos
510 4513 709 4592 invehentes
729 4538 798 4584 non
820 4537 900 4587 raro
925 4515 1191 4592 melioremus
1212 4539 1292 4588 oau-
