2990 5022
590 404 627 418 -
685 371 727 438 g‘
765 407 803 428 ,.

97 531 172 586 eurr
188 533 290 602 vero,
313 516 371 600 qui
392 515 523 586 decimo
546 515 724 588 Commodi
744 534 830 588 auno
851 515 1014 594 decessit.
1034 515 1173 596 (Euseb.
1194 513 1274 586 ibid.

96 635 130 700 ir
157 635 234 717 2²),
271 657 364 708 anuo
394 639 451 706 1⁹¹
481 635 606 706 Christi
631 639 717 713 nati.
755 633 793 702 13
826 655 931 706 annos
958 656 1097 704 munere
1127 636 1276 714 iunctus,

94 749 180 820 facili
200 757 448 842 supputatione
473 753 577 841 liquet
597 753 752 834 omnino,
782 773 869 824 anno
889 755 947 820 tta
965 755 1078 824 iniisse
1105 754 1276 836 episcopa·

97 881 176 942 tum.
213 871 297 957 lpse
322 873 425 944 dooet
434 873 594 945 lustinus·
604 872 723 957 (apol.
747 875 781 940 1:
801 872 872 954 46),
893 870 1122 956 apologiarum
1137 893 1274 940 suarum

93 1005 187 1072 quem
207 996 330 1062 ferunt
353 994 501 1078 priorem
523 995 581 1058 150
596 991 691 1062 annis
716 1013 735 1060 a
756 989 889 1060 Christo
906 1003 985 1061 ueto
1006 992 1166 1074 scriptam
1191 1011 1275 1070 esse.

90 1107 213 1179 idest:
249 1124 436 1198 postquam
459 1111 621 1194 cyrenius
639 1109 801 1178 iudaeam
824 1111 857 1178 in
877 1107 1057 1180 formulam
1083 1111 1276 1194 provinciae

92 1225 299 1310 redegisset,
322 1233 415 1310 (nam
442 1227 565 1298 diserte
588 1228 742 1299 lustinus
770 1227 847 1302 ibid.
881 1230 985 1296 etii.
1016 1229 1160 1311 cyrenio
1199 1250 1278 1300 oeu-

90 1370 164 1418 sum
190 1360 321 1430 agente
348 1348 519 1416 Christum
534 1359 648 1416 natum
676 1367 749 1414 esse
771 1345 885 1426 tradit)
905 1349 994 1432 quod
1023 1369 1110 1418 anno
1133 1351 1180 1420 12.
1202 1346 1277 1416 vul·

91 1464 175 1547 garis
202 1487 312 1534 aerae
339 1466 547 1544 Christianae
576 1466 728 1534 evenisse
759 1476 911 1546 coustat3
950 1467 1061 1550 itaque
1091 1487 1130 1534 ea
1173 1486 1273 1550 quam

92 1584 289 1668 quaerimus
318 1582 472 1668 apologia
492 1585 526 1650 in
552 1603 677 1652 annum
700 1583 755 1648 162
778 1581 908 1651 incidit·
947 1581 1127 1666 Dialogum
1147 1597 1274 1670 autem,

93 1701 187 1782 cujus
218 1702 340 1787 capite
362 1703 412 1768 26.
438 1699 591 1786 apologia
621 1703 729 1786 prima
760 1699 939 1782 laudatur,
959 1702 1151 1806 ‘interjecto
1187 1705 1274 1774 inter

92 1801 275 1905 utramque
307 1819 495 1904 apologiam
527 1831 697 1904 tempore,
728 1819 809 1890 dum
839 1819 873 1889 iu
893 1822 976 1890 Asia
1000 1821 1137 1892 Minore
1158 1841 1275 1890 versa·

93 1937 200 2018 batur,
230 1937 478 2022 conscripsisse
497 1938 641 2007 videtur.
680 1938 767 2006 ilino
783 1961 855 2010 nou
875 1950 927 2010 est
946 1961 1007 2008 cur
1028 1963 1095 2010 nou
1114 1940 1275 2010 assentia-

7 2065 9 2074 “
93 2077 167 2124 usur
196 2056 421 2127 Tillemoutio
450 2069 484 2124 et
510 2056 703 2138 Marauo*)
728 2056 983 2142 arbitrantibus,
1013 2058 1184 2128 lustinum
1217 2080 1275 2126 an-

95 2193 137 2242 uo
167 2175 313 2252 circiter
332 2177 392 2240 168
416 2172 527 2256 gladio
555 2195 756 2258 percussum
786 2193 878 2256 esse,
914 2173 1032 2244 eodem
1060 2197 1126 2260 quo
1155 2195 1274 2264 nenena

93 2313 213 2376 passus
236 2306 290 2363 est
311 2291 517 2378 Polycarpus
537 2305 699 2379 tempore.
721 2292 796 2360 Vid.
813 2292 937 2365 Eusab.
951 2295 993 2362 H.
1014 2294 1056 2362 E.
1072 2298 1109 2361 4:
1130 2296 1168 2360 16
1180 2294 1275 2366 initio
1339 2323 1344 2333 ¹

94 2423 126 2479 et
142 2415 191 2478 1⁵.
219 2413 330 2488 initio.
370 2412 482 2494 'Magis
501 2424 614 2482 autem
633 2411 804 2496 probabile
824 2424 875 2482 ost
894 2413 929 2482 in
947 2413 1028 2482 Asia
1041 2434 1138 2482 reum
1159 2424 1273 2488 actum

95 2549 165 2600 esse
184 2552 233 2600 ao
252 2521 418 2616 supplicio
439 2531 597 2600 affectum
619 2551 718 2616 quam
736 2531 877 2600 Romae.
917 2519 1083 2602 Eusebius
1101 2543 1193 2600 certe
1211 2551 1276 2602 neo

95 2646 210 2724 looum
237 2648 391 2718 indicans
410 2669 473 2716 neo
501 2650 620 2718 mortis
644 2669 773 2733 genus,
803 2647 930 2718 insidiis
953 2662 1066 2718 autem
1085 2650 1274 2720 Crescentis

94 2765 288 2852 philosophi
304 2767 429 2837 Justiui
441 2785 558 2838 necem
575 2768 762 2855 imputans,
783 2787 823 2835 ea
842 2788 927 2853 quae
946 2768 1103 2855 feruntur
1122 2769 1273 2851 martyrii

98 2885 167 2967 ejus
184 2892 269 2971 acta
289 2884 344 2956 vel
365 2886 541 2968 ignorasse
556 2884 611 2955 vel
626 2885 719 2956 nullo
744 2884 821 2954 looo
842 2883 1002 2956 habuisse
1023 2885 1169 2954 videtur.

170 3005 268 3076 Licet
287 3023 369 3084 erge
391 3004 600 3092 Hegesippus
629 3007 889 3086 commentarios
917 3027 998 3078 suos
1023 2995 1203 3078 duodecim
1230 3005 1275 3078 ad

98 3143 271 3194 summum
296 3125 390 3194 annis
414 3122 557 3196 ediderit
577 3124 926 3210 postquamdustinus
947 3123 1118 3209 apologias
1135 3145 1214 3198 suas
1233 3145 1274 3201 ao

98 3240 268 3325 dialogum
293 3243 510 3314 confecisset:
544 3267 613 3317 nou
639 3255 750 3316 tamen
779 3241 854 3312 ideo
878 3241 934 3310 ille
961 3240 1198 3328 aliquantisper
1217 3265 1273 3314 su·

98 3373 228 3444 perstes
257 3359 338 3430 huic
356 3375 467 3434 morte
485 3361 633 3432 violenta
655 3372 834 3446 praerepto
862 3362 974 3445 putari
1000 3361 1118 3441 junior
1147 3373 1271 3446 potest.

145 3481 365 3570 ‘De-anno,
391 3505 457 3566 quo
483 3481 638 3552 lustinus
670 3493 768 3553 natus
800 3479 870 3558 sit,
889 3501 959 3549 non
993 3481 1099 3562 tnagis
1139 3491 1272 3552 constat

100 3621 197 3684 guam
229 3621 297 3683 quo
326 3600 548 3685 Hegesippus.
588 3595 678 3670 Nihil
707 3600 796 3668 enim
826 3581 943 3670 vanius
967 3596 1174 3682 Epiphani03
1213 3599 1273 3685 ,qui

36 3761 39 3767 -
98 3717 198 3788 llaer·
218 3719 276 3794 ‘ibt
296 3721 328 3786 l·
347 3718 389 3789 de
411 3719 544 3791 rusum
570 3719 621 3791 sic
639 3718 824 3792 fabulatur:
864 3718 958 3799 „Pro
975 3716 1108 3786 Christo
1132 3729 1272 3794 testatus

98 3837 267 3920 perlectae
285 3857 432 3908 coronae
450 3837 644 3918 dignitatem
664 3847 817 3922 reportat
835 3835 897 3905 sub
923 3835 1103 3915 Romanis,
1120 3837 1186 3906 bub
1204 3839 1273 3911 Ru·

11 3939 12 3944 '
49 3999 56 4006 -
99 3955 184 4027 suro
203 3956 377 4039 praefecto
402 3966 437 4023 et
453 3953 602 4034 ,Adriano
625 3976 730 4039 rese,
757 3974 883 4034 ninum
915 3954 1126 4036 trigesimum
1157 3975 1271 4045 agens,

10 4273 12 4308 l

10 4499 12 4564 l

100 4075 217 4149 aetatis
259 4071 460 4150 robustam*
512 4073 690 4145 Rusticum
729 4072 873 4144 eundem
909 4091 985 4147 esse
1021 4072 1277 4170 ooujeotamou
1329 4153 1332 4160 ,

10 4225 11 4230 ,
99 4213 197 4278 quem
228 4191 399 4276 oottegan
426 4192 631 4268 Hadrianum
667 4193 766 4265 tertio
795 4189 973 4263 consulatu
1007 4211 1086 4261 suo.
1100 4191 1272 4274 babuisse,

131 4465 255 4530 srvio.
276 4465 437 4538 maranno,
465 4470 589 4546 praeiet.
609 4468 718 4526 inerint
735 4467 776 4550 Bo
788 4462 843 4523 111.
863 4485 926 4542 rap.
943 4471 1039 4616 9:412*
1097 4493 1100 4506 .
