2938 5116
669 331 709 348 ..
767 301 808 369 π
865 330 904 356 ,ι

56 535 60 547 ,
188 454 351 538 majestas
385 448 632 550 originalis,
655 438 882 536 quantinus
914 463 991 520 ase
1010 459 1045 518 et
1069 467 1133 534 per
1151 469 1207 526 se
1204 445 1399 534 possid

191 575 291 656 cinus
319 573 581 671 communicatio
611 590 654 640 nc
675 572 818 658 cogitari
852 569 1000 656 quidem
1013 580 1138 655 potest.
1177 569 1259 638 Hoc
1281 567 1399 638 mod

191 691 353 764 Salomon
375 687 566 777 occupavit
576 667 737 768 thronum
763 689 785 760 J
793 689 967 770 chorae
989 689 1118 766 Chaon.
1140 670 1337 768 1,99;23,

189 811 362 888 Thronus,
383 812 418 878 in
439 833 505 900 quo
528 809 683 886 Christus
705 809 910 880 dominus
931 809 1038 888 sedet,
1060 831 1080 878 a
1101 807 1224 886 dextra
1247 785 1407 892 quiten-

185 933 311 1012 (Hehr.
328 933 462 1006 8;1,lt
476 953 485 998 ι
504 929 551 1018 2),
570 929 749 1016 proximus
769 928 892 1000 throno
908 931 969 998 Dei
984 929 1026 998 ad
1048 929 1219 1010 dextram,
1240 952 1323 998 non
1346 941 1409 998 est·

186 1051 334 1132 timenus¹
351 1051 457 1134 ipsius
469 1051 553 1138 Dei,
572 1053 663 1125 sicut
680 1031 1197 1135 apostotorum·theosttivsisi
1218 1071 1239 1120 a
1262 1047 1393 1121 throno

187 1161 386 1249 Christltlad
407 1170 564 1243 dextram
585 1167 716 1250 scilieet
735 1181 769 1244 ιι
789 1153 1088 1250 Ιιιιιιιι,·Μιιιιι,’
1105 1172 1158 1238 aar
1182 1173 1230 1244 18,
1251 1170 1408 1244 confer,

186 1293 246 1370 9ος
267 1293 319 1357 tl.
344 1289 440 1359 mlta
460 1286 672 1376 quidem'res
694 1301 747 1358 est
766 1287 909 1373 Apocal.
931 1292 985 1356 ιιι
1007 1293 1049 1372 1,
1069 1291 1097 1375 3,
1119 1289 1256 1372 couier.
1282 1289 1322 1360 da
1345 1293 1391 1366 n,

141 1443 142 1450 ι
187 1402 417 1481 uthhristus
438 1429 520 1481 suos
541 1408 715 1494 laboribus
736 1407 905 1522 superatis
924 1408 1073 1504 victores
1092 1409 1143 1486 in·
1157 1407 1287 1478 throno
1310 1429 1392 1478 suo

150 1521 158 1534 ”
185 1528 353 1610 collocat,
380 1531 508 1615 pariter
539 1542 578 1604 ut
608 1530 680 1613 ipse
701 1532 813 1598 vietor
834 1550 927 1606 oum
956 1541 1086 1612 patre
1105 1529 1139 1598 in
1161 1526 1291 1598 throno
1314 1520 1415 1609 eiua?

189 1649 358 1720 consedit.
396 1649 448 1718 lta
477 1671 562 1718 uno
584 1647 773 1733 eodemque
802 1647 926 1718 throno
948 1671 1017 1718 non
1038 1646 1150 1716 solum
1172 1625 1265 1728 duo,
1297 1648 1413 1720 Deua'

185 1781 299 1856 peter
306 1781 341 1838 et
361 1767 539 1848 Christus,
567 1766 628 1838 sed
656 1765 760 1842 simul
781 1789 860 1838 cum
881 1753 921 1836 iis
943 1767 1057 1836 cuncti
1079 1765 1228 1844 cultores
1251 1745 1386 1839 Christi

191 1879 428 1973 notatiunculam
449 1886 641 1965 considunt
672 1922 712 1938 ·-
710 1876 932 1970 Cogitemus
954 1887 1064 1956 modo
1071 1884 1247 1964 thronum
1271 1885 1429 1956 multis

91 2025 123 2064 κ’
177 2007 359 2092 gradibus·
382 2009 636 2086 substructum,
667 2007 789 2092 quibus
816 2007 852 2075 in
872 2007 1033 2089 gradibus
1062 2008 1119 2092 qui
1139 2006 1262 2076 sedent
1285 2007 1387 2078 amici
1427 1951 1431 2072 9

190 2128 295 2210 regis,
317 2125 478 2208 altiores,
510 2127 707 2204 humiliores
737 2149 801 2226 pro
832 2125 1099 2215 suadignitate,
1132 2128 1166 2196 in
1188 2126 1317 2198 throno
1340 2149 1390 2201 re-
1428 2107 1433 2188 9

156 2276 158 2280 ·
191 2247 260 2335 gali
281 2245 400 2318 sedere
420 2246 595 2326 dicuntur!
678 2295 681 2302 9

189 2394 193 2404 ·
270 2365 413 2447 Misaale
443 2364 706 2444 constantiense
740 2367 876 2436 tandem
906 2313 1164 2452 interpolavit:
1178 2377 1230 2442 tu
1261 2363 1389 2439 solus
1435 2361 1436 2370 '

95 2509 97 2516 ’
137 2521 143 2548 ι
190 2487 463 2567 altissimus,
497 2469 630 2572 quod
620 2509 655 2558 m
687 2485 862 2556 Christum
896 2484 1029 2556 solum
1028 2509 1107 2566 non
1135 2487 1250 2567 tnagis
1286 2486 1388 2572 cadit,

193 2629 315 2693 quam:
338 2618 374 2675 tu
394 2604 490 2676 solus
506 2618 672 2688 sanctuar·
688 2618 788 2690 atque
809 2627 910 2677 versu
931 2609 982 2672 25ss
998 2607 1081 2676 Jesu
1096 2604 1232 2676 Christo
1254 2607 1390 2680 socium
1424 2657 1427 2666 -

191 2723 357 2808 adjunxit
384 2726 593 2828 spiritum
634 2737 832 2798 sanctum
864 2717 905 2794 rit
936 2724 1056 2798 solus
1052 2738 1203 2814 uterque
1233 2739 1392 2804 sanetus,

189 2844 289 2919 solus
311 2819 508 2916 Dominus
498 2865 594 2929 nsque
622 2843 808 2914 altissimus
837 2856 942 2914 osset
993 2841 1088 2916 Idem
1120 2845 1262 2967 Missale
1285 2867 1389 2918 versu

164 2967 245 3044 'to
266 2959 517 3046 altissime,
539 2967 584 3040 19
619 2963 884 3034 benedictus
907 2963 1032 3074 alienis.

222 3088 456 3166 Postremo
473 3090 662 3188 temperare
682 3083 780 3155 nobis
800 3107 871 3154 non
890 3095 1088 3175 possumus,
1110 3086 1189 3172 quin
1204 3041 1386 3166 ineamus,

192 3205 291 3302 nobis
312 3205 403 3276 haud
426 3205 548 3288 exiguo
582 3189 693 3276 taedio
714 3204 904 3300 pudorique
925 3225 1017 3286 esse,
1051 3205 1141 3298 quod
1162 3204 1204 3277 ad
1233 3217 1389 3277 nostram

67 3419 71 3426 s
193 3344 302 3410 nsque
322 3337 467 3396 aetatem
497 3323 553 3401 hie
573 3323 737 3408 hymnus
755 3322 889 3408 duplice
910 3336 944 3392 et
965 3297 1175 3394 Graecorum
1197 3337 1232 3394 et
1252 3326 1389 3400 Latino·

90 3424 93 3438 Δ
127 3505 135 3544 r
194 3467 273 3522 rum
295 3405 534 3530 depravatione
554 3443 762 3525 foedatus,
752 3467 788 3513 m
809 3445 1007 3528 Tigurinam
1037 3440 1232 3526 liturgiam
1229 3460 1388 3533 receptus

196 3563 421 3642 eucharistiae
442 3562 703 3634 celebrationem
724 3567 934 3660 auspicetur.
976 3566 1005 3645 Ο
1027 3577 1190 3650 quantam
1207 3564 1263 3634 vel
1283 3568 1389 3652 stupi-

197 3684 346 3763 ditatem
360 3682 414 3780 vel
434 3673 675 3768 negligentiam
696 3681 750 3754 uel
771 3687 1047 3770 superstitionem
1074 3683 1166 3756 vel
1156 3687 1327 3768 ignaviam
1355 3688 1391 3756 in

75 3795 76 3802 ’
195 3801 300 3872 rebus
332 3773 508 3879 diuinis,
505 3823 613 3886 quae
650 3813 720 3872 tam
764 3803 852 3878 falsa
883 3804 1087 3890 indignaque
1124 3815 1187 3878 aut
1226 3809 1298 3876 hon
1328 3804 1392 3876 ali-

63 3985 69 3997 ,
196 3919 332 4007 quando
353 3921 477 4000 sentiat
504 3933 650 4002 autnon
671 3934 789 4004 curet,
824 3921 885 4002 aut
903 3923 988 3993 adeo
1010 3935 1230 4003 revereatur,
1252 3915 1315 3994 ιιιιι
1333 3927 1392 3996 ab·

195 4040 289 4121 jecte
308 4039 464 4114 tolleret!
503 4039 575 4110 Vos
597 4039 947 4132 autemsshrietianae
967 4043 1163 4128 sapientiae,
1187 4042 1390 4125 modestiae,

56 4176 82 4263 ,J
196 4161 350 4232 caritatis
370 4158 520 4230 cultores
541 4145 667 4228 ducere
680 4183 750 4230 non
764 4182 947 4246 possumus
968 4141 1028 4232 sed
1041 4163 1220 4247 superbiae
1236 4175 1275 4250 et
1289 4165 1392 4248 ιειιι-Ι

158 4273 159 4280 '
198 4281 328 4354 cantiae
358 4277 478 4349 nostro
494 4297 593 4354 ‘aevo
620 4269 874 4362 indignissimae
907 4301 986 4352 reos
1012 4283 1165 4366 agimus,
1195 4283 1252 4368 qui
1282 4284 1393 4364 nescii

68 4458 72 4469 ,
198 4399 348 4484 fatorum
361 4399 472 4513 ,lilim
494 4397 629 4500 hymni,
666 4423 767 4502 quarn
789 4398 833 4480 sit
852 4395 1018 4492 candidus
1035 4403 1223 4500 etinteger,
1243 4421 1392 4490 nieman
