2990 5022
1309 387 1339 448 V

125 623 270 674 omnem
296 623 497 692 puramque
524 610 702 679 veritatem
736 607 799 680 Dei
822 609 922 678 unice
947 605 1117 704 tenuerit·
1148 561 1222 676 Nos
1246 609 1336 680 cuitu

19 749 32 766 '
130 745 370 832 compluribus
414 752 554 822 omnino
592 753 745 840 partibus
783 773 804 822 a
845 751 958 838 prima
987 753 1119 836 origine
1156 753 1337 828 ecclesiam

138 896 331 965 constitisse
360 893 539 977 videmus,
560 915 646 980 quae
683 903 860 966 summani
887 891 1024 982 quidem
1046 891 1247 980 disciplinae
1276 897 1338 968 ha-

131 1039 257 1107 bebant
285 1057 538 1120 communem,
570 1035 663 1110 illam
693 1040 855 1136 nimirum
879 1039 1004 1132 μικρὰν
1026 1039 1154 1127 (uuir,
1175 1042 1353 1115 abditam

129 1186 263 1256 larinas
281 1180 405 1254 tribus
440 1185 588 1267 modiis,
629 1183 738 1256 donec
760 1197 869 1256 totam
895 1185 971 1268 ejus
990 1184 1060 1255 vim
1080 1184 1246 1270 paulatim
1273 1207 1335 1276 pe-

68 1306 71 1316 *
128 1343 284 1404 netraret
303 1341 339 1400 ct
362 1331 401 1400 in
427 1352 527 1401 suam
550 1330 701 1401 traheret
728 1346 901 1402 naturam.
1341 1289 1349 1327 Ι

188 1465 358 1546 ‘Massae
388 1485 507 1544 autern
528 1438 588 1544 sio
614 1475 871 1548 fermentandae
899 1479 1115 1552 ludaeorum
1144 1488 1180 1548 et
1211 1467 1335 1567 Ethni·

98 1673 101 1678 -
136 1643 273 1702 corum,
315 1621 543 1693 Orientalium
577 1634 612 1691 et
641 1622 933 1706 occidentalium,
965 1609 1152 1694 admodum
1177 1622 1334 1693 diversae

138 1775 256 1876 utnon
286 1785 361 1835 uno
387 1763 780 1850 moto-subigebantur,
813 1769 862 1836 ita
896 1791 967 1840 non
986 1770 1091 1842 simul
1117 1782 1152 1840 et
1176 1766 1333 1839 similiter

128 1913 365 1982 afficiebantur
384 1931 451 1978 uno
467 1907 528 1979 illo
547 1909 732 1982 fermento.
772 1911 868 1996 Ergo
891 1913 963 2000 ipsa
977 1927 1100 1985 natura
1121 1923 1156 1982 et
1185 1910 1333 1996 quadam
1429 1946 1435 1955 ·

125 2056 343 2124 necessitate
367 2052 553 2124 Christiani
571 2057 719 2127 nominis
740 2069 855 2141 partes
879 2058 1108 2144 aprimordio
1134 2058 1269 2142 placitis
1292 2079 1335 2128 ac

131 2167 263 2270 ritibus
283 2199 463 2274 intersese
479 2199 625 2270 multum
652 2199 902 2286 discrepabant,
923 2201 1025 2289 idqu'e
1039 2202 1107 2288 sic,
1131 2217 1170 2276 ut
1194 2207 1341 2278 omnem.

130 2359 317 2432 totamque
332 2346 520 2415 ¹veritatem
555 2345 649 2416 nulls
674 2323 867 2417 contineret
881 2345 1057 2433 nullaque
1084 2350 1242 2424 omnibus
1269 2374 1333 2422 nu·

125 2493 236 2563 meris
261 2489 421 2562 absoluta
447 2510 552 2576 super
583 2502 715 2561 ceteras
747 2491 924 2562 emineret
968 2493 1086 2588 Quare
1117 2499 1147 2567 si
1175 2481 1250 2584 quis
1277 2497 1353 2589 vel¹

134 2638 190 2708 ab*
211 2639 366 2724 systema
402 2638 568 2709 ecclesiae
599 2635 797 2707 catholicae
823 2658 869 2706 ex
902 2595 1133 2710 oecumenicis
1175 2642 1331 2714 conciliis

138 2741 200 2854 illis
221 2784 392 2870 paulatim
420 2787 627 2855 concretum
647 2779 703 2852 vel
729 2781 774 2877 ati
797 2783 939 2884 quodvis
973 2784 1078 2868 aliud,
1103 2788 1177 2856 sive
1198 2805 1249 2854 ex.
1268 2783 1329 2854 ali·

135 2951 199 3016 qua
234 2930 489 3015 magistrorum
521 2927 602 2998 huic
641 2927 733 2997 illive
770 2925 935 2998 ecclesiae
959 2930 1196 3014 ‘probatorum
1240 2932 1338 3004 serie·

128 3071 362 3165 conquisitum
394 3074 526 3146 autad
560 3072 667 3144 libros
699 3072 909 3158 symbolicos
941 3073 1056 3144 certos
1092 3075 1330 3161 informatum,
1396 3153 1401 3161 ,

127 3223 209 3291 sive
231 3235 348 3292 nostra
374 3220 543 3292 memoria
566 3241 611 3290 ex
636 3219 713 3290 unis
730 3219 852 3290 litteris
878 3222 986 3308 sacris
1012 3219 1190 3302 eductum,
1212 3235 1329 3308 patres

127 3367 238 3438 trium
264 3365 461 3438 seculorum
484 3367 604 3439 ordine
628 3369 960 3448 examinaret‚sane
975 3367 1124 3451 reperiet
1143 3369 1330 3449 nerninem,
1383 3455 1390 3474 Ι
1487 3354 1492 3363 Ι

128 3517 281 3602 quinon
309 3512 496 3604 „haereseos
513 3511 683 3599 'capitalis
711 3511 814 3599 idque
842 3535 913 3584 non
940 3511 1042 3582 unius
1069 3533 1149 3587 reus
1173 3513 1331 3586 deferen-

127 3659 210 3732 tlus·
228 3669 356 3729 esset·
392 3658 484 3728 Nnm
514 3657 645 3730 frustra
683 3643 897 3762 desudarunt
930 3656 1089 3728 catholici
1104 3682 1106 3688 ’
1124 3660 1330 3744 praesertim

128 3801 285 3889 theologi
315 3806 527 3892 inpeccatis
555 3805 721 3887 Petrum,
747 3827 835 3891 quos
870 3816 941 3872 tam
968 3801 1185 3874 orthodoxos
1224 3825 1329 3890 qnam

128 3951 507 4036 sanctospraediomt,
530 3964 605 4022 tum
620 3951 809 4024 inficiendis
831 3915 866 4020 et
880 3947 1099 4021 obliterandis
1125 3961 1199 4018 tum
1223 3969 1346 4016 excu-=

129 4097 244 4170 sandis
266 4121 308 4170 ac
328 4097 529 4187 purgandis,
551 4098 688 4178 tustini,
707 4095 854 4180 irenaei,
880 4059 1102 4175 Tertulliani,
1123 4093 1327 4180 quibuscum
1350 4097 1363 4114 “

127 4249 336 4331 propterea,
361 4243 455 4332 quod
478 4255 611 4315 ceteros
629 4242 840 4314 Christianos
870 4266 942 4314 non
970 4263 1035 4330 per
1064 4244 1179 4313 omnia
1199 4254 1237 4311 ‘et
1257 4235 1340 4313 sin·'¹

43 4474 47 4484 ,
125 4387 207 4474 sula
244 4390 345 4480 ipsis
358 4392 589 4466 adsentientes
620 4388 815 4466 haeresium
850 4392 1070 4466 acerbissime
1091 4386 1269 4490 postulare
1293 4399 1334 4458 et·
