3020 5024
1039 265 1066 317 S

614 385 874 454 -ats-
1047 343 1056 362 ⁸

134 539 230 612 virili·
257 537 431 608 coutreria
460 535 596 626 'omnia‘
626 534 727 615 fecit,
763 555 805 614 ac
830 535 957 602 Petrus
988 517 1108 628 prima¹
1129 529 1271 618 epistola
1300 534 1340 601 t:
1421 542 1423 551 ⁴

126 665 187 734 -23,
207 663 259 728 A:
281 661 311 726 9.
330 668 573 743 praeceperat,
600 654 794 760 κνριόινῃος
812 655 1051 757 comparor,
1079 653 1262 738 potamia,
1284 651 1343 720 ori-

131 779 275 862 θάδης,
304 763 404 858 δόξας
431 776 675 858 (majestates)
703 775 734 857 *)
779 771 855 842 οὐκ·
871 772 984 864 ἔτρεμε
1002 773 1226 862 βλασφημῶν.
1252 772 1341 842 tuit.

136 903 245 970 2:10.
269 901 344 968 Cl'r·
374 895 457 967 tud.
488 919 523 964 r.
540 899 604 964 ιε.Ι
621 895 769 966 Malelae
799 895 885 966 fides
912 894 1101 991 historica,
1134 890 1201 964 hoc
1227 906 1280 966 eat
1303 906 1344 966 ut
1435 945 1444 954 .

47 1077 49 1084 .
135 1015 295 1091 voluntas
314 1007 628 1095 ¹verum'rlicendi,
649 1016 699 1086 sic
727 1014 887 1096 facultas,
909 1037 953 1100 en
980 1036 1022 1104 ec
1045 1015 1223 1095 carchar,-
1250 1015 1343 1101 quod
1385 1035 1390 1042 ’

135 1143 241 1212 idom
238 1155 396 1229 tempus
431 1139 545 1210 eventi
579 1159 667 1214 unus
696 1135 953 1206 accuratissime
977 1135 1078 1204 tradit
1097 1131 1220 1204 huuc
1205 1159 1250 1204 ιιι
1265 1143 1342 1206 mo

134 1261 244 1332 dnm:
266 1263 460 1346 „Regnante
480 1258 633 1340 Traiano
653 1254 846 1326 Antiochia
864 1247 994 1338 Magna
1021 1254 1066 1326 ad
1087 1255 1252 1360 Daphnen
1274 1269 1344 1326 tcr-

133 1384 218 1453 tiam
246 1381 320 1464 ejus
351 1379 586 1450 culamitatem
611 1399 713 1462 passa
743 1389 801 1446 cst
822 1397 941 1446 mense
970 1373 1139 1478 Apellaeo
1168 1377 1241 1446 sive
1271 1377 1340 1446 De·

11 1557 17 1572 .
135 1504 268 1574 cambri
295 1505 357 1586 23,
391 1501 538 1572 horal.
574 1511 656 1585 post
688 1497 898 1582 gallicinium
928 1520 1017 1568 anuo
1046 1497 1118 1564 tot.
1150 1519 1251 1568 aerae
1271 1481 1351 1568 An..

135 1623 316 1720 tiochcnae
346 1613 459 1704 (hoc
474 1631 648 1691 estserae
670 1617 882 1690 Christianae
908 1619 1023 1698 212).“
1063 1617 1158 1690 Haec
1177 1640 1234 1726 res
1256 1639 1339 1702 ergo
1372 1613 1380 1620 ’

65 1747 69 1755 ’
134 1744 289 1814 haudtta
303 1764 394 1812 nova
413 1754 448 1811 ct
461 1737 598 1811 rnsoltta
614 1739 817 1808 Anttochtae
831 1740 1112 1828 fuitquotanms
1125 1751 1342 1834 propeterea

78 1923 85 1932 .
134 1865 304 1948 movebat,
316 1863 379 1932 suh
395 1861 599 1930 Christianis
614 1860 879 1946 imperatoribus
891 1885 961 1974 non
980 1862 1092 1930 minus
1112 1883 1212 1961 quam
1224 1862 1341 1947 prius:

135 2005 193 2056 ex.
216 2006 250 2054 o·
271 1982 390 2054 seculo
417 1993 516 2052 sexto
540 1961 608 2052 'sub
631 1981 769 2050 Justino
796 1982 1005 2091 imperatore
1031 1981 1180 2068 plurima
1210 1995 1245 2052 et
1269 2005 1342 2052 ma-

134 2107 240 2192 xima
251 2103 419 2174 aedilicia
434 2103 480 2170 ibi
509 2101 716 2214 cbrruerunt
740 2123 779 2170 ac
810 2079 920 2180 bodilo
948 2091 1140 2208 incolarum
1155 2093 1361 2190 perierunt„

89 2211 91 2214 ⁵
135 2223 204 2296 Sed
234 2224 300 2296 hoc
319 2188 598 2310 superstitionem
630 2223 745 2310 arrpuit
766 2197 990 2316 Christianis,
1018 2226 1170 2299 maxime
1191 2225 1341 2295 doctori·

135 2347 199 2416 hus
219 2343 508 2428 indignissimam,
543 2344 600 2412 ubi
635 2344 745 2413 tristia
777 2355 921 2412 naturae
942 2357 1065 2413 erecta
1085 2343 1140 2414 vel
1162 2343 1227 2415 alia
1248 2345 1340 2416 eala'-

133 2468 270 2554 miratos
303 2464 429 2548 vulgus
463 2479 597 2534 terrore
618 2463 832 2550 percellunt,
865 2463 1017 2533 tristiora
1043 2463 1120 2534 inde
1141 2463 1339 2552 praedicere

131 2587 215 2665 fata,
239 2599 275 2656 et
298 2609 383 2671 quac
407 2585 515 2656 donec
540 2583 694 2656 homines
727 2607 893 2670 prospera
910 2557 1093 2655 utebantur
1111 2586 1250 2658 fortuna
1267 2611 1338 2657 non

131 2705 205 2780 au'si
239 2719 357 2787 erant.
393 2701 585 2776 infelicibus
620 2705 832 2795 denuntiare.
885 2704 1028 2792 Aliquot
1049 2709 1145 2777 annis
1176 2719 1253 2776 ante
1276 2731 1339 2793 pet·
1414 2682 1455 2764 l-

131 2829 250 2898 Asiam
273 2839 308 2896 et
329 2821 561 2911 Bithyniam
551 2849 586 2894 ιιι
615 2825 829 2896 Christianos
860 2829 1054 2912 qliaesitum
1077 2839 1152 2898 erat
1172 2830 1212 2897 ab
1233 2829 1336 2897 Arrio

75 2967 83 2975 ·
130 2950 320 3030 Antonino,
342 2937 450 3017 Plinio
472 2945 629 3016 Secundo
652 2958 719 3046 etc.
764 2945 843 3016 Ouo
865 2961 967 3032 pacto
988 2971 1080 3016 nunc
1098 2947 1237 3018 demum
1259 2971 1338 3032 sen·

130 3071 176 3140 sit
210 3069 384 3152 ignatius,
413 3070 689 3154 persecutionem
718 3068 880 3144 minari
908 3069 1115 3152 Traianum,
1143 3082 1183 3138 ut
1207 3069 1246 3136 τὸ
1273 3071 1337 3136 τῶν

3 3191 5 3202 ’
131 3191 325 3278 Χριςιανῶν
356 3189 517 3273 θεοσεβὲς
543 3186 675 3272 σύςημα
707 3187 750 3256 ad
780 3185 1010 3257 idololatriam
1039 3188 1221 3272 adigeret?
1262 3189 1338 3258 Vid.
1396 3266 1398 3279 ‚

3 3365 5 3374 .
121 3311 279 3394 ‘Martym
310 3309 433 3398 Ignatii
464 3331 540 3393 cap.
572 3309 601 3380 2.
620 3331 624 3338 ·
642 3307 732 3378 Dum
756 3294 909 3392 ignatius
940 3311 1006 3377 iter
1036 3309 1166 3379 faciens
1187 3311 1335 3381 Romam

4 3423 6 3500 ἕ
129 3429 267 3500 Troade
288 3428 640 3514 adPhiladelphenos
668 3441 703 3498 et
730 3429 937 3512 smyrnaeos
964 3429 1127 3516 epistolas
1155 3421 1339 3511 scribebat,¹

4 3603 5 3648 3
98 3531 111 3553 ⁰
125 3553 320 3622 nuntiatum
342 3564 396 3622 est
416 3551 455 3632 ei,
467 3545 643 3639 εἰρηνεύειν
661 3548 725 3630 τὴν
742 3533 917 3634 c’xatqot'or
937 3549 997 3630 τὴν
1010 3549 1052 3620 ,ἐν
1068 3547 1255 3644 Ἀντιοχείᾳ
1273 3553 1340 3633 τῆς,

5 3709 6 3712 =
125 3671 281 3762 Συρίοις.Δ
306 3677 470 3743 Attamen
495 3670 736 3768 condemnatio
763 3669 837 3752 ejus
861 3693 932 3739 uon
960 3683 1013 3740 est
1036 3683 1236 3742 retractata.
1264 3673 1335 3742 Im·
1394 3739 1398 3754 ,

5 3827 7 3866 ÷
125 3805 264 3876 perator
291 3794 447 3879 quamvis
477 3791 620 3870 edoctus
651 3777 694 3860 ‘de
723 3791 927 3870 innocentia
955 3779 1231 3862 Christianorum
1261 3783 1363 3887 uon*-

6 3965 8 3980 .
125 3912 210 3980 item
232 3915 411 4007 coguovit,
434 3899 673 3998 culpavacare
693 3911 879 3995 ignatium.
915 3893 1124 3992 vidtg‘nat.
1150 3912 1260 3997 Epist.
1288 3916 1332 4009 ad
1428 3988 1433 4004 ¹
1476 3939 1484 3948 ¹

6 4097 8 4118 ,
122 4029 261 4102 Philad.
289 4054 365 4118 cap.
392 4037 440 4101 10.
463 4056 543 4103 oum
564 4031 977 4122 animadvss.¹Cotelerii.
1019 4031 1093 4102 Nee
1126 4035 1329 4118 vcroIgna‘-
1416 4108 1419 4119 ,

6 4155 8 4232 ζ
124 4154 162 4224 tii
198 4151 377 4230 oratione,
399 4153 460 4222 sed
488 4151 653 4224 relatione
680 4152 828 4239 quadam
855 4153 1028 4222 Tiberiani
1061 4153 1228 4239 praesidis
1245 4156 1332 4243 ,Pria

7 4267 8 4352 Ῠ
120 4284 216 4346 inae·
233 4266 449 4342 Palaestinae
464 4272 573 4358 ‘hanc
597 4274 836 4360 impunitatem
872 4275 1030 4344 effectam
1055 4295 1132 4346 esse
1166 4274 1322 4374 tradunt.

120 4443 380 4463 -ι-ι--ι-ύ

72 4522 75 4539 ¹
153 4547 184 4618 *l
200 4545 292 4621 Λὸἒνι,
311 4524 360 4612 bid
371 4554 563 4633 magistratus
575 4576 610 4617 ae
621 4557 777 4640 praesides
788 4559 1024 4646 provinciarum.
1043 4553 1199 4618 Wetsten.
1213 4557 1291 4619 adh.
1305 4559 1325 4622 Ι.
