2938 5116
572 392 710 459 -53
769 430 808 444 -

79 551 216 635 seripto
252 543 505 645 vindobonensi
526 537 814 610 constitutionum
847 540 906 608 ad
915 541 1280 638 orthodoxorum
1352 580 1355 584 ·

1 636 292 812 ’,ίοιιιιιιίιιιῃ
313 665 348 733 id
369 676 422 734 est
439 661 485 732 ad
505 661 564 730 illa
584 661 757 742 dogmata,
778 681 864 743 quae
882 631 1074 729 Concilium
1091 659 1281 732 Nicaenum

26 765 236 880 'primunr
262 785 414 871 peperit,
443 782 582 850 relictus
611 801 686 848 esse
719 777 901 849 manifesto
931 775 1215 863 deprehenditur,
1248 795 1284 851 et

82 907 196 988 magis
216 903 397 988 magisque
415 895 626 971 adulteratus
649 877 807 983 deinceps
826 901 976 983 primum
997 901 1031 968 in
1054 899 1180 969 Codice
1201 899 1284 973 Ale-

1 1007 31 1069 11·
81 1025 275 1105 xabdrino,
309 1021 467 1092 deinde
459 1045 491 1088 ιιι
514 1017 660 1101 Liturgia
671 1021 854 1086 Romanae
875 1016 1055 1096 ecelesiae,
1085 1017 1257 1089 tandem
1248 1045 1283 1089 m

4 1129 27 1176 ”l
81 1143 222 1216 Missali
244 1141 514 1224 constantiensig
544 1137 789 1225 quae¹iraudes
820 1138 895 1222 piae
910 1135 984 1220 jam
1004 1116 1308 1235 lustrat'ioneaess¹

84 1251 210 1334 curata
230 1263 402 1350 patebunt.
506 1283 509 1290 ’

167 1381 358 1471 Προςευχὴν
370 1379 542 1467 ἑσπερινὴν
555 1392 590 1448 et
603 1376 709 1465 apin
711 1378 762 1444 ἐπ
774 1377 876 1472 ἆρίςῳ
890 1373 1083 1450 adferemus
1097 1379 1187 1448 infra
1206 1397 1285 1449 eon·
1300 1385 1303 1392 '

4 1471 27 1540 'i
84 1503 192 1582 sulto,
205 1513 449 1593 uteeoneentu
458 1521 693 1584 consensuque
703 1497 771 1568 hoe
782 1499 969 1568 evidentius
983 1501 1052 1567 hat
1044 1497 1284 1583 ,quidver'um
1380 1482 1383 1486 ¹

1 1597 26 1678 ‘l
85 1623 237 1709 simplex
266 1622 505 1706 sincerumque
535 1621 597 1700 sit3
627 1619 707 1704 quid
731 1618 870 1705 γνήσιον
889 1643 934 1690 ex
965 1607 1165 1704 ingenioque
1183 1599 1292 1704 primi

87 1743 241 1813 auctoris
268 1741 482 1828 profectum,
523 1739 608 1825 quid
638 1753 750 1810 secus.
793 1739 901 1808 Haud
928 1722 1095 1824 apparet,
1132 1737 1215 1807 eur'
1211 1739 1287 1806 hic

1 1859 23 1904 '¹
87 1856 240 1946 hymnus
274 1861 518 1930 matutinus
546 1859 581 1927 in
612 1859 684 1928 ct).
716 1857 817 1927 Alex.
850 1871 1014 1939 vocetur,
1042 1858 1085 1929 in,
1109 1883 1177 1986 qup
1205 1857 1314 1932 nihili

13 1977 19 2024 1
90 1982 400 2066 vespertinum
434 1979 677 2064 reperiamus3
710 1976 920 2063 apparet³in
956 1979 1287 2060 Constitutionibns,

7 2079 23 2146 1
90 2113 395 2186 quaspropterea,
417 2100 451 2170 'si
481 2115 556 2188 non¹
570 2097 669 2168 sedes
691 2097 839 2178 natales,
874 2097 1045 2183 aliquanto
1077 2111 1190 2167 tamen
1208 2075 1303 2184 pro)

88 2222 204 2306 piures
226 2201 268 2287 ab
289 2219 418 2302 origine
438 2217 540 2301 hujus
561 2219 721 2288 carminis
743 2221 878 2307 abesse,
895 2217 979 2299 jure
991 2240 1183 2290 censemus.
1326 2310 1328 2316 s

0 2352 2 2383 ²
61 2335 63 2340 ’
142 2339 366 2420 „Eecardum
388 2341 441 2410 Jo.
463 2337 654 2420 Georgius,
674 2341 763 2412 1713.
782 2340 903 2408 incerti
924 2337 1288 2412 Monachi‘Weissen·

0 2471 7 2498 l
90 2461 272 2544 burgensis
296 2453 496 2528 Catechesin
530 2457 750 2528 Theotiscam
780 2457 896 2529 seculo
927 2483 1021 2528 nono
1056 2459 1327 2544 conseripta'm'x

0 2597 1 2616 ¹
25 2674 27 2679 Ι
91 2581 224 2666 primus
245 2581 334 2664 typis
356 2577 613 2666 exprimendam
634 2579 784 2659 curarit,
807 2600 893 2664 quae
913 2579 1101 2650 catechesis
1120 2560 1215 2663 (pag.
1235 2581 1288 2658 72)

92 2712 173 2786 post
193 2698 345 2782 fidem,
367 2719 468 2784 quam
478 2709 615 2777 vocant,
637 2695 979 2771 Athanasianam
995 2711 1170 2781 postremo
1186 2695 1288 2766 libelli

0 2845 10 2854 ”
93 2813 173 2890 loeo
194 2818 398 2905 hymnum
419 2817 683 2902 Angelieurn
713 2819 833 2898 offert,
865 2839 944 2887 eum
964 2816 1096 2886 Missali
1118 2802 1289 2904 Constan-
1390 2815 1392 2820 ’

95 2940 193 3010 tiensi
213 2921 356 3025 prorsus
370 2937 628 3028 congruentem,
649 2948 887 3023 praeterquam
910 2937 1002 3023 quod
1022 2957 1145 3006 versus
1167 2937 1288 3005 tertius

4 3088 6 3095 ’
95 3057 390 3131 ειῑτ’·ἰιιιιιιιοιιι
420 3071 579 3143 guates
599 3056 764 3136 willen,
797 3057 992 3127 hominihus
1013 3057 1121 3126 bona
1140 3053 1290 3125 volun-

96 3194 179 3266 tas,
205 3203 275 3249 non
296 3181 459 3262 „bonae
479 3174 772 3275 voluntatis,“
792 3177 822 3246 si
844 3174 980 3270 quidem
999 3187 1092 3244 recte
1121 3172 1290 3244 intellexit
1388 3243 1393 3251 s

4 3284 6 3294 ’
93 3293 1288 3384 Ecoardus.Epitheta':JesuChristealtissmeetbenedictus
1343 3313 1346 3320 “
1429 3366 1431 3376 ,

4 3422 7 3438 ’
95 3431 214 3504 agnus,
233 3441 301 3488 uon
316 3417 530 3509 exhibentur,
550 3440 671 3488 versus
691 3419 738 3486 16.
764 3430 886 3488 contre
906 3430 975 3497 „et
994 3415 1179 3487 Sanetus
1196 3413 1288 3500 Spi-

95 3539 243 3626 ritns“,
258 3563 324 3626 qno
341 3551 435 3610 caret
448 3537 590 3610 Missale
599 3537 869 3617 constantiense,
884 3537 965 3606 item
978 3517 1116 3615 deficit,
1126 3533 1289 3622 eurirxhoe
1382 3574 1386 3580 -

0 3657 1 3688 ³
94 3656 227 3730 Missali
241 3681 376 3745 qnoque
390 3655 451 3729 has
465 3680 568 3729 voees
588 3655 690 3727 habet
711 3677 926 3726 communes:
948 3679 981 3724 v.
1005 3657 1057 3722 ts.
1078 3677 1174 3736 rex,
1195 3633 1235 3722 11
1255 3665 1300 3723 et·

93 3781 147 3846 28.
175 3791 218 3848 tu
238 3779 358 3850 solus
380 3777 684 3879 altissimnset
704 3798 798 3845 eum
818 3786 977 3846 sancto
998 3773 1179 3859 spiritu.

174 3893 317 3978 „lisdem
343 3897 478 3980 verbis,
509 3911 651 3969 auctore
670 3895 827 3967 Eeeardo
850 3894 956 3974 (ibid.
978 3917 1012 3979 p.
1040 3895 1212 3974 13-15),
1233 3891 1291 3962 hie

97 4015 243 4098 hymnus
269 4029 457 4102 conceptus
493 4014 658 4100 legitur
648 4039 683 4085 ιιι
714 4015 841 4086 Codice
870 4012 1035 4084 Monaehi
1068 4013 1290 4084 Weissebur·

28 4125 31 4134 Δ
96 4135 228 4218 gensis,
250 4136 401 4221 quihus
392 4159 427 4206 m
446 4133 580 4206 Missali
599 4137 755 4207 Romano
773 4135 901 4207 Urbani
922 4133 1015 4204 Vlll.
1038 4135 1151 4219 Papae
1172 4117 1292 4206 aucto-

1 4275 2 4284 ¹
96 4256 195 4325 ritate
216 4257 393 4337 recognito
414 4273 490 4340 pag.
512 4259 582 4321 141.
604 4245 789 4341 expressus
814 4255 983 4322 invenitur
1004 4255 1076 4338 (qui
1096 4255 1192 4356 Papa
1212 4255 1291 4321 test

96 4389 231 4446 creatus
245 4377 324 4442 test
342 4373 524 4446 defunctus
539 4375 667 4446 festum
681 4360 837 4459 eorporis
848 4371 978 4441 Christi
994 4373 1151 4454 invexit).
1173 4375 1291 4445 Prima

95 4495 260 4569 babemus
271 4475 549 4578 h'ymniverbtrd
558 4493 687 4578 angelis
696 4496 900 4580 adpastores
910 4490 1045 4579 prolata
1055 4512 1144 4579 esse,
1155 4508 1290 4576 notunu

1 511 36 579 'd
