2990 5022
103 543 184 602 cere.
197 529 238 594 ut
255 523 457 606 crederent.
476 527 559 600 istos
573 528 719 608 demum,
738 539 855 615 utpote
867 547 986 600 recens
1000 547 1044 598 ex
1058 527 1194 600 Oriente
1212 548 1292 614 pro·

102 641 229 723 lectos.
253 665 274 712 e
298 643 382 714 solo
395 645 478 716 lesu
498 645 618 731 natali,
639 648 826 718 accuratius
849 658 883 716 et
903 625 1073 731 copiosiiis
1093 645 1166 740 aliis
1180 648 1293 719 omnia
1405 683 1413 698 ·

103 755 239 841 tenere.'
253 763 409 833 istorum
427 765 625 835 auctoritate
639 785 719 834 vcra
733 775 767 834 ot
779 764 865 834 falsa
880 761 1025 836 discerni
1040 764 1179 843 debere.
1198 775 1294 836 reeta

103 891 134 950 et
153 901 281 964 prava,
304 883 338 951 si
354 896 421 968 qua
435 882 627 967 opinionum
647 884 953 969 sententiarumque
974 882 1151 954 diversitas
1172 885 1293 954 oborta

103 995 202 1072 esset.
231 1000 292 1068 Sic
311 1001 508 1086 provincias
528 988 797 1087 opulentissimas
818 1014 853 1070 et
871 1002 1018 1072 maxime
1042 1013 1208 1070 terrarum
1225 1001 1293 1072 De·

101 1140 154 1188 aru
173 1119 407 1204 gentiumque
422 1121 561 1189 Romam
581 1121 755 1204 petebant,
776 1122 886 1206 ibique
899 1120 999 1192 nullis
1012 1143 1081 1190 nou
1096 1118 1295 1192 adulationi·

101 1237 164 1306 bus
185 1237 344 1318 gratiam
366 1231 456 1322 apud
473 1238 637 1338 principes
658 1236 819 1308 ecclesiae
839 1240 977 1308 inibant.
1010 1237 1101 1332 Quid
1121 1238 1295 1310 mirumai

101 1366 196 1424 tanto
211 1355 323 1425 citius
337 1355 440 1424 fidem
459 1355 521 1424 sibi
536 1355 696 1442 facerent,
710 1367 833 1440 quanto
849 1358 955 1440 magis
968 1357 1010 1428 ad
1024 1356 1166 1440 gloriam
1185 1330 1313 1424 eccle-⁸

11 1541 14 1548 ,
102 1473 170 1542 siae
188 1473 374 1542 Romanae
394 1475 642 1558 primatumque
656 1472 886 1544 Romanorum
910 1475 1145 1559 episcoporum
1161 1469 1295 1544 fabulae

102 1594 185 1660 istae
218 1594 449 1676 pertinerent.
498 1589 699 1662 Eleutherna
735 1604 847 1662 autem
878 1590 1068 1663 istiusmodi
1101 1589 1293 1662 hominibus

103 1710 257 1780 manime
273 1731 467 1796 propensus
488 1723 522 1779 et
539 1712 708 1793 gratiosus
727 1711 833 1778 fuisse
849 1708 998 1788 ridetur,
1018 1729 1118 1794 quem
1132 1705 1290 1778 irenaeus

104 1827 190 1897 adeo
231 1828 432 1908 delirrierat,
465 1840 505 1896 ut
534 1827 769 1897 Chiliastarurn
801 1839 836 1896 et
864 1825 1149 1897 Moutanistarum
1176 1836 1294 1910 patro-

7 2039 8 2044 *
104 1969 188 2014 uum
210 1957 354 2028 ageret,
384 1947 554 2034 aPrarrea
573 1957 704 2028 tamen,
735 1946 815 2026 cajo
833 1947 984 2016 Romano
1012 1955 1047 2012 et
1082 1941 1173 2025 aliis,
1208 1963 1293 2030 quos

105 2063 607 2148 TertullianusPsyobie‘orum
625 2062 787 2134 vocabulo
801 2075 917 2142 'notat,
936 2074 1075 2132 coactus
1097 2072 1159 2142 „et
1178 2054 1311 2130 literas

107 2183 202 2264 pacis
233 2204 402 2252 revocare
433 2182 505 2264 jam
537 2184 676 2252 emissas
710 2193 745 2252 et
770 2202 789 2248 a
817 2184 989 2266 proposito
1020 2159 1293 2263 recipiendorum

18 2289 21 2301 ’
108 2299 360 2370 charismatum
387 2303 619 2374 concessare.“
659 2298 855 2370 Tertullian.
879 2299 956 2369 adv·
978 2297 1143 2368 Praxeam
1162 2317 1237 2382 cap.
1258 2298 1291 2380 1,
1328 2325 1331 2330 ·

110 2430 144 2484 et
164 2419 299 2488 Euseb.
325 2419 369 2487 ll.
386 2418 428 2486 E.
445 2422 480 2486 ιε
500 2422 530 2484 l.
552 2441 629 2488 cum
653 2418 792 2488 Strothii
815 2412 1041 2486 alrrrotatione.

187 2537 288 2604 llaec
315 2535 393 2604 talia
418 2537 610 2617 conjectare
641 2535 738 2617 lieet,
776 2559 878 2622 quum
903 2535 1113 2621 llegesippus
1130 2519 1285 2605 reticeat

111 2654 206 2723 unde
228 2669 263 2724 et
285 2639 417 2740 quando
440 2657 742 2739 peregrinationem
762 2654 948 2740 susceperit
969 2651 1200 2740 plurimosque
1222 2651 1291 2734 cpi·

113 2795 242 2858 scopos
273 2775 407 2855 viserit,
437 2787 472 2844 ιιι
500 2774 663 2844 Eusebius
689 2786 820 2853 narrat,
858 2754 1081 2851 orthodoxiae
1115 2769 1289 2867 curiosus.

114 2891 195 2976 lpse
224 2877 327 2962 unam
362 2894 478 2963 urbem
508 2891 707 2964 Corinthum
737 2903 919 2972 memorat,
963 2889 1020 2960 ubi
1061 2898 1288 2960 commoratus

116 3011 357 3096 aliquantisper
371 3012 547 3082 tetenderit
559 3013 699 3082 Romam
713 3012 856 3080 Anicetc
879 3007 1054 3112 episeopo„
1075 3003 1116 3072 id.
1134 3017 1186 3074 est
1199 3003 1290 3074 eirca

116 3153 242 3200 aunum
258 3131 421 3200 ter-169.
461 3131 551 3198 Num
565 3147 614 3200 ‘ea
630 3151 669 3202 eo
685 3140 836 3216 tempore
858 3147 963 3216 usque
988 3125 1031 3196 ad
1045 3135 1192 3196 mortem
1210 3120 1287 3212 plus

117 3269 234 3342 annos
254 3251 293 3314 2⁰
327 3249 454 3318 Rornae
486 3248 725 3334 permanserit,
751 3259 785 3316 et
810 3248 866 3317 ubi
895 3245 1014 3316 obierit
1032 3262 1176 3329 quoque
1202 3241 1287 3321 tato,
1392 3237 1394 3242 ’

117 3365 208 3434 nulla
227 3366 389 3436 memoria
406 3379 510 3438 extat
532 3365 752 3447 Eleutherus,
772 3364 835 3443 uisi
850 3387 903 3434 me
920 3359 1022 3443 fallit,
1038 3341 1233 3470 ambitiosus
1248 3379 1289 3429 ae

83 3565 85 3572 Ι
120 3485 295 3565 credulus,
325 3486 459 3556 divitior
487 3486 600 3555 nuruis
623 3473 723 3570 quens
752 3476 1285 3568 ingeminetJudioi0,1)01·08r1·

118 3606 238 3674 uur'um
259 3605 483 3687 parasitorum
503 3605 845 3691 praestigiaeque,
873 3623 972 3692 quam
996 3601 1088 3684 ipsos
1116 3593 1285 3700 copiosio-

118 3743 206 3801 rem,
225 3723 462 3826 sinceriorem,
486 3725 665 3799 certiorem
684 3723 836 3798 notitiam
854 3720 895 3788 de
914 3717 1103 3805 primordiis
1114 3715 1170 3790 rei
1191 3711 1287 3782 unri-

52 3873 57 3882 ι
117 3842 242 3909 atienae
274 3862 318 3910 ex
341 3841 509 3914 Oriente
499 3862 637 3928 ipsaque
655 3839 833 3926 metropoli
857 3836 1018 3914 ecclesiae
1041 3833 1175 3941 adferre
1193 3853 1288 3902 men·

119 3960 301 4042 tiebautur,
339 3971 465 4030 temere
497 3961 626 4030 imbibit
661 3961 769 4047 iisque
806 3953 1036 4040 decipiendum
1071 3972 1108 4025 se
1139 3947 1286 4028 tradidit.

118 4075 272 4149 Ceterum
297 4078 388 4168 quod
408 4079 613 4170 eodemque
635 4077 841 4166 Polycarpus
864 4088 1016 4160 tempore
1037 4073 1181 4148 Romam
1208 4087 1288 4151 pro·

115 4165 222 4267 sectus
261 4211 315 4267 est
344 4211 445 4282 atque
478 4198 606 4277 eidem,
634 4199 688 4265 cui
718 4197 876 4264 irenaeus
904 4189 1086 4264 Eleuthero
1115 4171 1286 4270 adulatus,

115 4337 333 4413 auguramur,
358 4311 535 4400 Polycarpi
554 4316 659 4388 fuisse
671 4313 809 4418 socium
822 4313 1047 4428 Hegesippurn
1062 4327 1211 4436 quoque»
1228 4304 1287 4374 15⁵·

113 4433 252 4522 demque
279 4427 433 4541 partibus
451 4433 638 4504 addictum
709 4527 723 4540 Ι,
1289 4419 1291 4446 '
