2990 5022
586 401 626 420 ...
685 361 723 432 31
781 395 821 414 ..-

103 503 250 580 secundi
276 499 392 578 seculi
405 471 566 592 Romani,
595 499 1063 598 nominatimque‘enisccnns
1084 508 1301 596 Eleutherum.

104 629 230 716 quihus
249 626 465 745 Hegesiopus
486 630 698 706 crassissima
718 627 894 711 mendacia
913 641 947 700 et
966 628 1098 706 subulas
1124 641 1308 719 porremo:

105 734 281 829 sissimas,
310 738 394 838 quas
423 747 512 818 infra
541 743 749 830 videbimus,
784 747 971 824 effutiens
961 771 1137 835 imponere
1169 765 1298 838 posset.

106 869 160 942 De
170 855 327 978 Eusebio
358 879 473 976 autem
502 871 618 946 nescio
646 867 726 958 qnid
745 869 890 1008 sentiam
909 863 1140 958 Hermippum
1159 883 1199 944 ut
1217 893 1309 962 pro-y

105 985 248 1060 hahilem
269 969 448 1060 auctorem
466 986 637 1062 laudante.

181 1107 251 1182 Sed
279 1097 412 1188 tamen,
446 1121 486 1178 ut
505 1111 539 1179 in
559 1121 739 1197 utramque
759 1121 892 1195 partem
914 1083 1155 1198 disputemus,
1175 1131 1216 1182 ac
1237 1133 1299 1184 no·

100 1185 229 1302 bismet
258 1228 323 1316 ipsi
348 1229 569 1321 objiciamus,
609 1229 771 1317 quidquid
800 1229 918 1302 andire
944 1231 1093 1318 pretium
1123 1241 1191 1302 eat:
1224 1231 1299 1303 fere

100 1366 222 1420 omnes
244 1349 447 1418 Samaritani
469 1361 507 1418 ut
526 1351 681 1422 Justinns
709 1348 927 1437 sparnac
951 1361 1088 1432 narrat,
1123 1350 1297 1424 Simonem

100 1459 311 1578 adorabant·
330 1468 446 1540 Simon
468 1491 508 1538 ac
529 1469 722 1542 Menander
752 1471 963 1554 aSamaria‚
992 1468 1174 1556 μαγικὰς
1199 1470 1297 1539 δυνά·

98 1573 168 1674 usar
185 1585 394 1670 ποιήσαντες,
421 1571 543 1678 cnidda
568 1586 778 1674 ἐξηπάτησαν
803 1586 908 1659 καὶ·
888 1613 940 1664 ιιι
963 1585 1216 1674 macanos
1196 1609 1297 1676 εχιισι.

97 1705 181 1814 ibid.
208 1711 261 1775 56.
285 1709 420 1792 γοητεία
441 1710 573 1778 crimini
594 1711 694 1780 datur
717 1709 768 1784 his
788 1697 979 1780 horninibus
1000 1721 1035 1778 et
1054 1708 1175 1790 meria
1204 1705 1296 1789 Γὸης

98 1830 140 1897 ah
160 1828 355 1914 Eriphanio
377 1827 493 1902 Simon
514 1841 678 1919 vocatur,
707 1831 763 1917 qni
783 1851 859 1904 sese
876 1828 937 1895 eda
966 1828 1068 1906 ι’ςῶτα
1094 1828 1294 1913 praedicare

97 1948 221 2020 solitus
244 1961 330 2017 erat.
371 1950 453 2020 Vid.
475 1950 583 2022 clem.
605 1951 733 2019 Strom.
754 1952 789 2018 2:
810 1952 857 2017 11.
879 1969 958 2019 cnm
978 1946 1186 2018 animadvss.
1208 1951 1294 2016 Pot-

97 2070 193 2171 teri.¹
217 2068 415 2140 Admodum
433 2055 595 2157 'frequens
616 2070 683 2140 hoc
704 2069 876 2155 epitheton
890 2069 1036 2139 Simonis
1049 2068 1144 2150 Magi
1165 2068 1198 2136 in
1214 2066 1293 2137 cte-

96 2188 269 2290 meminis.
310 2189 390 2259 vid.
417 2190 602 2262 Gorelerius
630 2190 674 2260 ad
702 2189 953 2272 recognitas:
982 2190 1034 2256 71.
1074 2185 1290 2272 „Imaginem

99 2329 234 2410 quoqne
254 2309 401 2380 Simonis
422 2309 548 2380 habent
568 2310 695 2380 saetam
727 2309 769 2379 ad
789 2311 936 2393 figurem
959 2309 1058 2378 Jovis
1083 2319 1118 2376 et
1139 2305 1291 2383 Helenae

95 2425 141 2530 ad
160 2427 305 2510 figurem
327 2429 540 2504 Minervae.“
580 2430 739 2500 Irenaeus
760 2431 797 2498 1:
818 2425 885 2496 20:
910 2428 1046 2524 Nomen
1074 2427 1175 2510 igitur
1202 2447 1291 2513 μασ-
1314 2429 1327 2482 t

94 2545 247 2632 βιιθαῖοι
274 2551 317 2619 ab
344 2551 420 2626 22³
451 2549 596 2620 derivari
636 2551 766 2635 possit,
813 2547 903 2636 quod
922 2549 1022 2620 Lxx
1047 2549 1158 2618 verbis
1186 2543 1308 2630 ἰ’ςημι,·

97 2668 205 2753 cnido
225 2664 392 2751 reddunt,
420 2671 561 2768 RQ,
594 2667 686 2752 ςὴλη.
725 2667 824 2741 Unde
853 2669 1049 2752 conjectare
1078 2667 1159 2738 licet
1178 2670 1289 2738 Simo·

94 2831 216 2904 nianos
235 2828 552 2900 Masbothaeos
572 2828 758 2915 appellatos
780 2849 855 2900 esse
876 2828 930 2898 vei
950 2827 1174 2900 Dositheanos
1196 2826 1309 2934 (Vide,

96 2951 189 3034 orig.
222 2951 326 3022 Tom.
349 2953 398 3022 11.
425 2953 459 3020 in
484 2949 566 3021 Joh.
587 2974 623 3037 p.
655 2953 714 3020 219
734 2973 784 3036 sq.
811 2949 1004 3033 Recognitt.
1033 2947 1085 3019 01.
1106 2949 1141 3016 Y:
1168 2950 1284 3032 seqq.

95 3071 296 3142 Constituti.
317 3074 384 3156 Ap.
405 3071 442 3138 6:
457 3074 507 3152 8).
548 3069 636 3140 Nam
656 3070 857 3140 Dositheum
877 3071 1079 3153 magistrum
1106 3067 1211 3138 irrisae
1233 3067 1286 3136 Si-

91 3191 202 3261 monis
224 3191 353 3260 ferunt.
394 3195 472 3260 Jam
493 3214 574 3260 vero
594 3191 812 3261 haeremus
803 3216 837 3261 ιιι
859 3189 1053 3272 mmeritis,
1089 3211 1192 3275 quum
1224 3189 1285 3258 ed-

88 3309 230 3392 junctos
254 3311 295 3380 iis
317 3310 357 3379 ab
377 3309 571 3396 Hegesippo
602 3308 846 3382 Mnsbothaeos
870 3331 952 3381 esse
988 3310 1155 3385 sumimus
1188 3307 1285 3392 Magi

89 3430 282 3514 praestigiis
303 3443 436 3517 captos

97 3596 100 3600 -
208 3550 239 3633 7)
278 3542 519 3620 Sadducaei
548 3549 841 3620 immortalitatem
871 3549 1061 3621 animorum
1095 3547 1278 3631 negabant,

89 3669 167 3740 Non
188 3667 303 3741 solnm
323 3655 608 3740 resurrectionem
629 3671 793 3750 carnis,
813 3668 906 3757 quod
924 3667 1187 3739 Pharisaeorum
1208 3666 1283 3752 plu·
1402 3671 1405 3676 ’

91 3791 195 3859 citum
226 3801 319 3872 erata
350 3789 548 3872 rejiciebant
569 3811 701 3876 quoque
735 3799 843 3860 totam
868 3788 979 3873 legem
1009 3811 1079 3858 non
1106 3789 1281 3874 scriptam,

89 3907 332 3996 prophetisque
359 3922 396 3981 et
419 3908 658 3997 hagiographis
679 3907 907 3994 domnaticam
923 3919 1021 4004 certe
1040 3906 1281 3980 anctoritatem

86 4051 157 4099 non
184 4030 343 4120 tribuisse
377 4028 552 4112 videntur,
586 4031 698 4100 minus
727 4030 832 4114 igitur
857 4011 957 4101 alieni
989 4029 1030 4100 ab
1061 4027 1280 4099 samaritanis

69 4170 198 4236 ,quarn
199 4147 406 4232 Pharisaei,
435 4171 499 4220 nec
518 4171 601 4220 vero
621 4150 669 4219 ita
688 4149 802 4220 infesti
824 4147 972 4222 Christo.
1012 4145 1105 4264 Quid
1125 4143 1255 4250 quod
1245 4169 1280 4216 ιιι

84 4259 262 4368 manuelis
283 4270 425 4362 Joannis
446 4273 499 4346 (12
521 4273 626 4350 2⁴84:
647 4271 677 4338 1.
698 4273 734 4338 8:
756 4273 786 4338 3
807 4271 863 4336 11:
882 4269 922 4334 46
943 4272 1024 4349 etc.)
1046 4257 1183 4338 omnino
1204 4263 1280 4340 nul-

81 4387 266 4465 lasnentin
286 4387 578 4466 Sadducaeorum.
618 4379 731 4463 Scinel
751 4386 842 4475 apud
854 4380 1039 4476 Marcum
1028 4381 1177 4490 rtemque
1189 4384 1280 4474 apud
