2938 5116
648 309 975 414 „..sa·-'

216 547 220 552 -
301 494 440 566 Rectius
462 512 522 564 eas
539 493 726 578 integritati
749 515 831 566 sune
847 493 1044 570 restituturi
1057 505 1168 579 crant,
1191 481 1394 582 purgatas
1410 495 1447 566 ab

117 699 119 705 Α
223 611 432 687 adulterinis.
478 612 546 682 Sed
575 612 764 690 adulterina
789 614 981 696 duxerunt,
1015 635 1239 702 quaecunque
1274 616 1339 694 ab¹
1372 617 1447 686 suis

210 717 391 814 'dogmatis
404 731 654 818 discreparent3
675 747 709 804 et
723 733 857 804 facilius
871 735 938 806 luit
955 732 1021 802 hcc
1034 745 1218 822 praetextu
1239 733 1288 804 de
1315 734 1445 816 medio

224 850 344 922 tollere
370 863 462 944 totas
483 875 584 938 quarn
603 853 782 936 refingere.
821 855 985 924 Ceterum
1006 855 1146 924 omnino
1168 851 1351 958 credibile
1376 867 1442 932 est,

220 971 306 1040 haec
325 971 453 1054 scripta
473 974 600 1042 sensim
620 975 655 1042 in
676 993 752 1044 eam
782 973 932 1044 formam
953 973 1091 1044 redacta
1111 993 1207 1053 esse,
1236 995 1316 1060 qua
1342 986 1439 1042 nnnc

220 1091 400 1178 habentur·
440 1091 530 1164 Nam
549 1091 665 1176 plures
692 1092 778 1172 loci,
809 1078 896 1178 duos
916 1095 1038 1162 Patres
1058 1091 1219 1175 laudant,
1247 1117 1334 1162 non
1364 1093 1435 1174 jam

217 1211 255 1283 'in
284 1209 325 1280 iis
357 1210 602 1295 reperiuntur.“
661 1212 763 1281 Varia
793 1212 950 1297 prolecto
982 1213 1125 1295 vestigia
1157 1211 1433 1284 adulterationis

187 1421 201 1431 „
220 1331 421 1400 criticorum
442 1331 532 1402 acies
552 1354 621 1400 non
642 1329 894 1416 deprehendere
914 1355 985 1414 non
1004 1343 1131 1417 potest,
1152 1333 1212 1402 sed
1234 1355 1335 1420 quae
1359 1334 1432 1402 Or·

126 1530 129 1537 Ι
221 1446 448 1554 thodoxos
469 1464 642 1534 arguunt,
663 1453 696 1520 in
717 1474 815 1522 suam
836 1431 1283 1547 sententiaminccrntnoda
1307 1451 1429 1524 det'or·

220 1581 382 1654 quentcs,
408 1593 477 1641 non
498 1569 751 1642 Heterodoxos.
797 1562 984 1641 luculento
1013 1572 1191 1658 specimini
1210 1570 1279 1662 hoc
1302 1575 1425 1658 ipsum

220 1703 273 1788 cst
293 1711 440 1760 cannen.

98 1897 99 1902 ἵ
297 1808 487 1890 Materia,
514 1807 622 1894 inquit
641 1807 877 1890 Moshernius,
904 1806 980 1886 libri
1000 1821 1179 1880 vetusta
1207 1797 1423 1880 estimares

159 1916 188 2005 ,’
219 1930 310 1999 enirn
330 1941 366 1998 et
397 1930 552 2022 instituta
572 1903 865 2012 Christianorum,
896 1930 1045 2000 unanime
1076 1928 1293 1998 Graecorum
1317 1943 1355 1998 et
1387 1933 1420 2000 in

219 2047 360 2120 orientis
379 2046 463 2120 solis
483 2048 698 2133 regionibus,
725 2047 843 2120 seculo
865 2048 1061 2120 secundo
1082 2061 1117 2118 et
1138 2051 1275 2150 tertio
1298 2039 1418 2120 viven-

218 2169 305 2238 tium
319 2166 586 2254 complectimur
1109 2172 1111 2180 '
1310 2239 1312 2244 ,
1404 2249 1407 2254 ,

298 2265 526 2357 Vehementer
550 2282 632 2358 sane
654 2286 825 2370 dolemus,
855 2286 947 2374 quod
973 2287 1146 2377 hocopus
1176 2288 1326 2358 fortasse
1346 2313 1413 2359 non

178 2441 185 2450 ³
217 2406 326 2478 semel
359 2420 394 2476 et
420 2407 497 2493 plus
527 2427 596 2478 una
625 2429 730 2493 opera
763 2407 1005 2492 interpolatum
1039 2408 1185 2480 videtur.
1247 2410 1413 2478 Attamen

216 2529 346 2600 idcirco
365 2529 460 2600 nihili
479 2529 659 2600 aestimare
678 2533 831 2614 iniquum
846 2527 955 2631 ‘foret
978 2549 1081 2613 quum
1102 2526 1243 2598 eandem
1265 2529 1310 2596 ob
1332 2550 1413 2598 cau-

217 2670 293 2722 sam
313 2661 448 2736 partem
468 2651 713 2738 canonicorum
739 2647 906 2716 librorum
926 2645 972 2716 N.
994 2647 1038 2716 Τ.
1069 2645 1199 2733 aliaque
1220 2649 1413 2718 vetustissi-

217 2791 356 2841 morum
391 2767 576 2840 Christiani
604 2768 752 2838 nominis
780 2777 1075 2838 monumentorum
1103 2765 1244 2846 relicere
1271 2766 1411 2856 debere·

217 2909 310 2962 mus·
350 2887 424 2960 Nos
445 2899 539 2957 certe
559 2884 828 2958 alioscertiores
849 2897 885 2954 et
914 2886 1117 2968 integriores
1139 2884 1253 2954 fontes
1274 2886 1411 2974 ignora·

218 3027 311 3092 mus,
331 3006 423 3076 unde
441 3006 598 3080 notitiam
618 3019 734 3075 rerum
745 3004 1055 3075 ecclesiasticarum
1071 3027 1116 3075 cx
1135 3003 1193 3090 illo
1214 3003 1299 3076 aevo
1313 3029 1409 3092 repe-

219 3138 293 3196 tere
311 3124 422 3198 liccat
470 3124 666 3212 Eademque
686 3145 742 3197 ars
764 3124 908 3207 critica,
935 3109 1025 3210 quae
1039 3122 1131 3194 labes
1153 3145 1193 3194 ac
1213 3123 1294 3218 vitia
1308 3127 1408 3196 inve-

219 3246 347 3332 stigare
377 3243 509 3328 callet,
548 3267 619 3315 non
653 3245 837 3328 ignoraus,
882 3264 960 3314 aera
989 3244 1070 3330 quid
1105 3243 1232 3314 distent
1264 3235 1437 3330 lupinis„

220 3363 423 3438 medicinam
444 3385 579 3457 quoquc
609 3363 877 3436 facit:‚sincera
904 3365 945 3434 ab
971 3359 1194 3444 adulterinis,
1224 3366 1338 3433 nativa
1365 3367 1404 3436 ab

220 3484 368 3566 adsutis‚
397 3484 534 3570 antiqua
561 3504 581 3551 a
611 3484 710 3585 novis
737 3503 917 3552 secernere
944 3496 977 3551 et
1010 3505 1253 3574 nonnunquam
1274 3507 1403 3583 quoque

108 3666 112 3674 ,
190 3609 289 3676 'non
320 3615 388 3672 tam
415 3614 638 3672 externorum
665 3623 774 3688 quana
797 3603 1009 3674 internorum
1043 3604 1247 3674 indiciorum
1281 3593 1400 3673 auxilio

154 3737 167 3783 .-
221 3735 383 3810 corrupta
402 3723 583 3802 restituere
602 3722 638 3819 in
668 3723 839 3806 integrum
868 3734 995 3812 potest.
1035 3723 1091 3794 Sic
1111 3746 1174 3794 nos
1195 3726 1400 3814 propositam

220 3830 401 3932 προςὲυχὴν
427 3841 684 3911 accuratissime
710 3842 752 3911 ad
774 3841 926 3926 regulam
947 3843 1025 3912 fidei
1046 3849 1094 3912 etl
1107 3837 1272 3914 libroium
1291 3863 1400 3914 sacro·

109 4041 124 4051 s
220 3983 301 4034 rurn
320 3962 542 4032 auctoritates
566 3962 803 4048 revocavimus
815 4017 816 4022 η
830 3945 932 4050 atque
962 3965 1065 4034 etiam
1084 3939 1272 4048 syntactica
1294 3964 1350 4032 via
1370 3974 1399 4034 et

222 4083 353 4154 ratione
372 4103 499 4160 unum,
520 4079 611 4165 quud
631 4080 837 4175 offendebat,
858 4083 1020 4152 mendum
1040 4083 1185 4152 feliciter
1204 4082 1398 4171 curavimus,

222 4203 271 4273 ita
289 4213 329 4270 ut
348 4199 431 4270 nihil
450 4197 619 4286 reliquum
639 4200 816 4282 videatur,
843 4221 906 4272 cur
932 4204 1164 4286 integritatem
1177 4214 1219 4290 ,et
1237 4201 1409 4306 sinceritas

118 4317 121 4371 ἰ
225 4334 294 4392 tem
313 4320 417 4402 hujus
438 4320 597 4394 carminis
618 4320 869 4402 addubitemus.

105 4465 107 4470 ·
149 4453 182 4488 ’-
303 4442 467 4512 Ceterum
492 4439 549 4510 hic
573 4443 647 4530 ipse
666 4441 833 4532 hymnus,
866 4457 906 4518 ut
926 4444 1078 4520 Clericus
1098 4443 1203 4530 vidit,
1230 4446 1266 4514 iu
1284 4441 1398 4515 Manu·
